2047 3253
1015 134 1064 172 22

278 251 466 303 Namque
506 258 547 291 et
586 252 699 290 liberi
741 265 767 291 a
804 258 921 303 patre
961 253 1176 291 crudeliter
1215 253 1334 292 occisi
1367 259 1474 291 recte
1519 250 1600 303 ἄγη
1637 251 1801 304 πατρός

278 320 449 358 audiunt
483 332 558 358 nec
594 319 726 358 minus
762 324 872 358 recte
908 319 1012 358 haec
1046 320 1205 358 macula
1241 319 1412 358 difficilis
1451 321 1507 358 ad
1539 321 1798 359 tolerandum

277 393 458 426 vocatur.

406 455 567 503 Agmen
606 454 773 493 claudat
808 455 1055 504 tragicorum
1099 454 1286 504 princeps
1323 455 1556 505 Aeschylus,
1603 455 1716 493 cuius
1756 455 1797 492 in

275 522 582 571 Agamemnone
621 533 781 560 versum
820 523 900 561 354
938 522 1115 572 plerique
1157 527 1252 571 post
1288 521 1515 571 Stanleyum
1553 521 1632 560 hoc
1670 522 1796 559 modo

276 588 529 627 constituunt
541 601 551 630 ε
1081 594 1083 597 ’

674 653 785 704 Διὸς
814 652 982 704 πλαγὰν
1011 652 1187 705 ἔχουσιν
1216 653 1361 696 εἰπεῖν.

273 722 436 762 Etenim
466 735 558 762 cum
587 723 627 761 in
657 723 886 762 Marciano:

671 788 783 840 Διὸς
814 788 983 838 πλαγὰν
1014 787 1201 840 ἔχουσαν
1232 787 1362 831 εἰπεῖν

279 870 330 896 ex
346 858 447 897 mira
465 857 693 908 corruptela
711 863 911 907 repertum
929 863 1048 905 esset,
1079 857 1253 896 sortasse
1272 860 1457 898 consulto
1477 860 1664 900 homines
1683 861 1794 899 docti

274 936 420 963 cavere
437 937 488 963 ne
502 929 779 975 proponerent
793 924 1020 974 proximum
1036 924 1136 962 illud
1152 925 1329 974 quidem,
1359 927 1471 975 quod
1491 926 1570 967 iam
1585 938 1791 977 propono:

669 987 779 1038 Διὸς
808 988 976 1036 πλαγὰν
1007 987 1152 1039 ἔχουσ’
1184 987 1369 1032 ἀνειπεῖν

269 1044 433 1096 ‘Cladis
463 1069 488 1094 a
518 1056 615 1095 Iove
644 1062 839 1106 acceptae
868 1063 1043 1106 possunt
1071 1068 1163 1095 esse
1189 1056 1446 1107 praecones’.
1513 1060 1625 1108 Quid
1661 1059 1790 1099 enim?

275 1125 406 1164 Troes
436 1137 507 1175 per
537 1130 667 1162 totum
696 1125 835 1162 orbem
865 1129 1058 1162 terrarum
1087 1125 1259 1175 dispersi
1295 1138 1432 1164 nonne
1470 1139 1512 1165 re
1541 1139 1635 1165 vera
1665 1128 1790 1167 cladis

275 1205 372 1231 suae
402 1192 656 1230 detestabilis
684 1203 909 1242 praecones
939 1190 1205 1229 exstiterunt?

694 1309 820 1356 Quod
850 1315 984 1346 exstat
1012 1309 1172 1348 Hercul.
1204 1310 1283 1349 585
1305 1322 1362 1359 sq.

466 1390 576 1442 πρὸς
606 1391 690 1431 σοῦ
723 1390 813 1440 μὲν,
844 1389 879 1430 ὦ
908 1391 997 1436 παῖ,
1028 1391 1121 1441 τοῖς
1151 1389 1296 1441 φίλοις
1326 1388 1433 1431 εἶναι
1461 1390 1590 1442 φίλον

467 1456 520 1499 τά
549 1457 586 1498 τ’
616 1456 748 1509 ἐχθρὰ
777 1458 927 1508 μισεῖν,
1134 1446 1138 1452 ’

270 1528 313 1564 id
339 1527 486 1565 rectius
512 1538 604 1564 sese
634 1526 812 1570 habebit,
842 1526 875 1563 si
895 1523 941 1565 τέ
961 1521 1033 1574 (τῖ)
1054 1532 1148 1574 post
1166 1522 1310 1576 φίλοις
1331 1526 1554 1566 inserueris,
1611 1527 1785 1566 Videtur

269 1595 376 1633 enim
404 1594 482 1633 hoc
511 1595 563 1633 ab
593 1593 787 1644 Euripide
816 1604 909 1631 esse
938 1593 1196 1631 observatum
1225 1599 1281 1643 ut,
1325 1605 1414 1632 cum
1450 1594 1534 1631 duo
1572 1595 1784 1634 enuntiata

267 1663 455 1713 iungeret
481 1661 618 1711 aliquo
649 1661 775 1700 modo
804 1661 909 1699 inter
937 1672 980 1698 se
1011 1661 1214 1711 opposita,
1259 1661 1314 1699 acl
1344 1673 1395 1699 ea
1424 1663 1678 1700 conectenda
1713 1668 1786 1701 aut

269 1730 468 1768 rarissime
510 1735 579 1767 aut
616 1740 837 1778 numquam
880 1729 1032 1766 nudam
1075 1726 1121 1768 τὲ
1163 1729 1396 1778 particulam
1438 1728 1662 1773 adhiberet,
1707 1731 1784 1767 sed

266 1796 504 1846 plerumque
538 1792 586 1835 δέ
623 1796 706 1834 sive
743 1793 923 1845 μέν-δέ
961 1801 1186 1847 usurparet,
1231 1795 1318 1834 aliis
1356 1795 1452 1834 locis
1492 1795 1622 1833 haud.
1641 1797 1782 1846 paucis

266 1860 415 1903 τέ-τέ
438 1858 555 1914 (καί).
612 1863 746 1912 Atque
776 1863 874 1900 illud
904 1863 1020 1900 mitto
1048 1869 1256 1912 tamquam
1285 1863 1471 1900 omnibus
1501 1863 1599 1901 satis
1628 1870 1782 1913 notum,

266 1929 345 1968 hoc
374 1929 585 1980 quomodo
616 1929 901 1980 accipiendum
933 1929 995 1978 sit,
1033 1929 1227 1978 exemplis
1255 1928 1429 1966 maxime
1457 1929 1680 1978 insignibus
1709 1930 1782 1967 ad-

268 1996 358 2034 latis
386 1996 590 2034 indicabo,
649 1995 722 2033 Est
750 1996 857 2032 enim

319 2063 480 2102 Heracl.
511 2063 617 2102 1044
661 2059 771 2111 ὑμᾶς
798 2059 834 2101 τ’
867 2059 1013 2110 ὀνήσω
1043 2059 1201 2101 τούσδε
1230 2074 1275 2102 τε
1307 2060 1457 2112 βλάψω
1487 2060 1640 2103 θανών.

369 2129 506 2179 Suppl.
532 2130 613 2169 555
657 2125 842 2177 γνόντας
873 2124 952 2168 οὖν
980 2126 1117 2177 χρεὼν
1146 2126 1248 2168 τάδε

659 2191 967 2244 ἀδικουμένους
995 2206 1042 2235 τε
1071 2192 1217 2245 μέτρια
1246 2194 1299 2245 μὴ
1333 2197 1449 2249 θυμῷ
1478 2194 1625 2246 φέρειν

657 2258 816 2302 ἀδικεῖν
845 2272 891 2301 τε
919 2260 1080 2301 τοιαῦθ’
1112 2258 1184 2301 οἷα
1214 2261 1268 2311 μὴ
1300 2259 1458 2313 βλάψαι
1487 2260 1621 2302 πόλιν.

299 2329 387 2380 Iph.
409 2330 501 2369 Aul.
532 2330 615 2369 920
658 2326 879 2368 ἐπίσταται
908 2327 955 2368 δὲ
985 2328 1076 2378 τοῖς
1104 2326 1273 2369 κακοῖσί
1301 2326 1337 2368 τ’
1368 2325 1566 2379 ἀσχαλᾶν

657 2393 836 2446 μετρίως
865 2407 911 2435 τε
940 2393 1100 2445 χαίρειν
1128 2396 1266 2436 τοῖσιν
1295 2394 1624 2446 ἐξωγκωμένοις.

389 2463 501 2502 Med.
533 2463 612 2501 565
920 2460 992 2502 σοί
1021 2473 1066 2502 τε
1095 2460 1177 2512 γὰρ
1205 2460 1378 2507 παίδων,
1400 2460 1438 2502 τί
1468 2463 1542 2511 δεῖ,

658 2526 750 2577 ἐμοί
778 2539 824 2567 τε
855 2521 945 2568 λύει
973 2528 1084 2568 τοῖσι
1115 2526 1343 2577 μέλλουσιν
1372 2527 1539 2578 τέκνοις

657 2591 709 2633 τὰ
738 2590 860 2634 ζῶντ’
891 2591 1056 2642 ὀνῆσαι,
1135 2596 1136 2599 ’

363 2662 497 2701 Orest.
530 2663 607 2701 201
656 2658 712 2701 σύ
742 2672 787 2701 τε
815 2658 896 2711 γὰρ
927 2659 974 2700 ἐν
1002 2661 1184 2710 νεκροῖς,
1214 2659 1264 2700 τό
1292 2659 1328 2701 τ’
1359 2660 1463 2711 ἐμὸν
1491 2658 1649 2710 οἴχεται

655 2725 747 2778 βίου
777 2725 828 2767 τὸ
856 2725 989 2767 πλέον
1019 2725 1163 2777 μέρος.
1205 2737 1209 2740 ’

261 2796 412 2840 Confer
438 2795 524 2833 Alc.
559 2796 654 2843 142;
701 2795 906 2843 Androm.>
932 2796 1025 2845 203,
1056 2795 1149 2843 385,
1186 2796 1302 2843 1222,
1336 2796 1462 2844 127s›;
1502 2794 1647 2833 Bacch.
1682 2796 1773 2844 328,

264 2865 358 2909 335,
381 2865 481 2909 770;
511 2862 669 2902 Hecub.
694 2863 795 2910 8553
826 2857 969 2901 Helen.
1002 2863 1094 2907 157,
1126 2862 1219 2908 732,
1253 2862 1344 2911 770,
1367 2862 1465 2908 998;
1509 2861 1655 2901 Electr.
1677 2863 1774 2913 9295
1810 2879 1814 2883 ·
