2047 3253
1003 137 1054 175 ’37

273 257 384 296 idem
413 258 528 307 quod
553 257 598 296 in
615 257 852 297 Florentino
869 263 914 298 et
932 252 1118 296 Palatino
1135 256 1357 304 invenitur,
1377 266 1468 295 cum
1497 257 1620 295 libros
1643 267 1783 294 eorum

272 324 327 362 ad
357 324 542 364 codicem
572 324 761 364 Vaticani
792 324 961 363 similem
989 325 1123 363 'redire
1152 325 1475 363 demonstratum
1506 324 1568 363 sit.

405 390 549 430 Restat
577 389 718 431 vernus
739 391 904 442 >spurius
931 402 1028 430 meo
1054 391 1208 430 iudicio
1236 391 1424 441 Sophocl.
1454 391 1600 431 Trach.
1632 393 1729 430 305:

467 455 620 501 ῶΖεῦ
647 457 835 510 τροπαῐε,
864 456 918 511 μή
948 455 1046 500 ποτ’
1076 455 1271 509 εἰσίδοιμί
1297 466 1352 500 σε

464 525 582 578 Υπρὸς
608 523 769 577 τούμὸν
799 523 914 568 οὕτω
941 524 1113 578 σπέρμα
1137 523 1399 577 χωρήσαντά
1424 537 1510 578 ποι,

346 594 427 634 305
469 592 581 647 μηδ’,
609 591 646 635 εἰ
673 591 855 644 γένοιτο,
883 591 1042 643 τῆσδέ
1069 604 1128 642 γε
1158 591 1330 643 ζώσης
1356 591 1442 634 ἔτι.

272 661 398 701 Miror
422 661 662 712 interpretes
692 661 843 712 fugisse
872 667 1055 712 apertam
1085 661 1369 711 tautologiam.
1435 660 1560 708 Quod
1597 661 1703 700 enim
1742 662 1783 699 in

271 728 469 779 prioribus
495 729 669 776 duobus.-
687 728 864 768 versibus
893 730 1095 779 pudenter
1123 734 1246 778 atque
1267 729 1440 766 obscure
1460 727 1624 773 iecerat,
1653 728 1782 766 verbis

271 807 350 835 usa
381 795 492 834 hand
525 794 852 844 inconsideratis:
896 792 953 846 μή
980 791 1077 836 ποτ’
1109 791 1356 845 εἰσίδοιμί
1383 802 1448 841 σε,
1492 795 1535 833 id
1569 801 1706 833 votnm
1741 795 1783 832 in

271 862 386 913 peius
414 872 573 901 versum
602 869 646 900 et
675 862 791 902 aliter
820 875 868 902 ac
896 862 1074 901 decebat
1107 874 1348 912 generosam
1381 862 1599 909 mulierem,
1643 862 1782 900 ultimo

271 929 453 968 trimetro
483 918 676 987 Deianira
709 926 842 980 eloqui
877 929 1049 980 cogitur,
1090 929 1206 980 quasi
1237 940 1348 978 vero,
1388 929 1588 981 quidquid
1620 929 1783 967 calami-

273 996 367 1036 tatis
396 996 487 1047 ipsa
514 1003 675 1037 mortua
703 997 787 1037 suis
813 1003 1049 1037 eventurum
1079 1004 1202 1045 esset,
1231 998 1395 1036 minime
1425 997 1635 1037 curaverit.

403 1063 521 1103 Haec
550 1064 634 1102 fere
664 1065 717 1102 de
745 1065 825 1104 hac
852 1076 895 1102 re
921 1066 1059 1117 putavi
1081 1076 1176 1103 esse
1197 1063 1386 1104 dicenda.
1431 1055 1612 1115 App'aret
1631 1070 1781 1110 antem,

274 1130 430 1180 opinor,
461 1130 730 1170 fundamento
744 1131 960 1171 infirmiore
987 1132 1061 1170 niti
1086 1132 1319 1182 opinionem
1343 1143 1499 1177 eorum,
1527 1131 1597 1182 qui
1615 1131 1782 1180 simplex

275 1194 351 1238 ὅδε
380 1198 490 1236 idem
518 1203 641 1248 atque
671 1194 758 1246 ἐγώ
787 1198 949 1248 tragicis
977 1198 1111 1237 valere
1140 1198 1322 1249 potuisse
1350 1198 1426 1236 sibi
1454 1197 1739 1248 persuaserint.

403 1318 494 1361 ἐπεί
521 1332 570 1369 γε
588 1319 604 1346 ¹
631 1328 676 1360 ut
704 1323 872 1361 omnino
898 1323 1081 1361 insolens
1110 1328 1234 1373 atque
1262 1320 1513 1372 inusitatum,-
1542 1321 1602 1359 ita
1628 1321 1670 1358 in
1699 1326 1778 1358 tra-

274 1388 424 1436 goedia
458 1388 536 1427 nisi
570 1389 740 1438 sparsim
774 1401 859 1428 non
895 1389 1224 1439 deprehenditur.
1272 1388 1354 1428 Est
1380 1389 1489 1428 enim
1517 1400 1639 1426 unum
1667 1389 1780 1437 apud

270 1454 515 1504 Aeschylum
544 1455 774 1506 exemplum
802 1455 913 1496 Pers.
942 1457 1024 1496 384

467 1518 565 1561 {vrci
583 1532 636 1569 re
665 1520 811 1571 μέντοι
838 1519 1112 1573 λευκόπωλος
1139 1519 1276 1573 ἡμέρα

465 1588 611 1630 πᾶσαν
638 1586 820 1639 κατέσχε
849 1589 987 1640 γαῖαν,

191 1687 197 1692 .
271 1666 394 1693 unum
425 1656 536 1705 quod
565 1661 721 1695 certum
748 1657 814 1708 sit,
841 1657 953 1707 apud
980 1656 1224 1707 Sophoclem
1252 1655 1400 1696 Trach.
1428 1657 1511 1696 484

467 1719 559 1763 ἐπεί
585 1733 635 1771 γε
665 1721 742 1773 μὲν
770 1721 822 1773 δὴ
853 1720 975 1765 πάντ’
1004 1721 1233 1765 ἐπίστασαι
1262 1720 1405 1772 λόγον,

271 1801 363 1827 cum
382 1789 517 1838 Antig.
541 1801 697 1828 versum
715 1791 797 1830 923
824 1791 904 1830 alia
931 1791 986 1829 de
1014 1802 1142 1829 cansa
1168 1791 1361 1830 deleverit
1381 1789 1606 1838 Nauckius3
1639 1790 1779 1828 utrius-

271 1868 351 1906 que
385 1863 520 1895 autem
554 1858 759 1908 proprium
796 1864 862 1897 est
897 1858 977 1897 hoc
1013 1859 1127 1909 quod
1163 1869 1254 1897 cum
1283 1856 1438 1908 μέντοι,
1479 1855 1557 1906 μέν
1593 1854 1646 1905 δή
1673 1869 1780 1895 nexa

269 1923 464 1973 particula
490 1922 539 1971 γέ
566 1924 748 1970 occurrit,
775 1925 1011 1974 quibuscum
1038 1936 1062 1961 e
1082 1935 1193 1962 more
1215 1924 1461 1973 saepissume
1481 1921 1571 1973 (ita)
1593 1922 1779 1972 iungitur.

271 1988 408 2037 Quare
445 1990 533 2029 sine
568 1989 630 2029 his
665 2003 717 2029 ne
751 1989 803 2039 γέ
839 1990 1006 2041 quidem
1040 1991 1096 2029 ad
1133 1988 1227 2032 ἐπεί
1253 1991 1340 2029 illos
1370 1990 1627 2041 appositurus
1657 1988 1779 2028 fuisse

269 2057 355 2096 iure
383 2056 603 2105 existimes,
644 2058 816 2097 maxime
845 2058 1008 2109 quidem
1039 2057 1285 2108 Aeschylum
1313 2058 1354 2095 in
1381 2056 1590 2096 enuntiato
1621 2062 1780 2106 tempo·

269 2123 351 2164 tali.
408 2123 581 2163 Diversa
619 2131 757 2164 autem
795 2136 861 2164 res
896 2131 962 2165 est
998 2126 1109 2177 apud
1144 2124 1393 2176 Euripidem,
1438 2124 1552 2163 cuius
1592 2129 1781 2175 quattuor

269 2191 455 2243 exempla
482 2192 713 2232 indubitata
741 2191 837 2232 mihi
865 2193 1043 2234 enotavi.
1100 2191 1206 2232 Nam
1234 2191 1342 2244 Cycl.
1371 2205 1408 2233 v.
1438 2193 1519 2232 220

465 2255 623 2308 ἥκιστ’·
653 2254 807 2308 ἑπείὛ
838 2257 893 2301 ἂν
918 2258 968 2301 ἐν
996 2258 1107 2314 μέση
1131 2261 1184 2312 τῇ
1211 2257 1387 2309 γαστέρι

465 2326 688 2377 πηδῶντες
718 2324 966 2368 ἀπολέσαντ’
997 2324 1050 2367 ἂν
1078 2323 1163 2367 ὑπὸ
1191 2326 1277 2367 τῶν
1307 2323 1536 2376 σχημάτων

270 2393 468 2433 Seidlerus
499 2391 601 2435 ἐπεί.
619 2390 657 2444 μ’
691 2391 746 2434 ἂν
774 2393 975 2433 revocavit
1011 2400 1055 2432 et
1088 2393 1270 2433 eiusdem
1307 2393 1468 2432 fabulae
1502 2404 1660 2432 versum
1702 2395 1776 2432 181

271 2460 450 2511 spurium
479 2461 635 2500 notavit
663 2458 977 2499 Wilamovitzius
1007 2460 1126 2499 Anal.
1155 2459 1294 2510 Eurip.
1323 2471 1361 2509 p.
1394 2461 1487 2500 225.
1546 2460 1690 2509 Itaque
1719 2472 1780 2497 re-

269 2526 471 2565 lincuntur

323 2591 484 2633 Hercul.
516 2594 594 2634 140
631 2590 708 2635 τὸν
734 2587 986 2644 Ἡράκλειον
1013 2591 1177 2644 πατέρα
1206 2589 1275 2634 καὶ
1303 2590 1525 2644 ξυνάορον,

635 2654 670 2701 εἰ
698 2656 776 2711 χρή
806 2654 848 2711 μ’
878 2657 1047 2710 ἐρωτῶ·
1076 2656 1155 2711 χρὴ
1185 2657 1237 2705 δ’,
1267 2655 1357 2700 ἐπεί
1384 2669 1432 2707 γε
1462 2657 1677 2710 δεσπότης

633 2724 751 2777 ὑμῶν
779 2724 961 2777 πέφυκα.
1123 2733 1125 2735 ·

403 2811 418 2836 ¹
441 2824 511 2847 non
539 2824 683 2848 numero
709 2814 862 2859 exempli
885 2815 993 2857 gratia
1016 2815 1099 2849 Eur.
1124 2814 1206 2848 Hel.
1234 2813 1343 2849 1284:
1388 2814 1470 2850 ἐπεί
1493 2818 1562 2850 νῦν
1585 2815 1619 2857 γ’
1645 2813 1779 2856 ἀθλίως

269 2868 350 2916 <σ’>
377 2871 499 2916 ἔχονθ’
523 2872 612 2916 ὁρῶ.
