2047 3253
1094 127 1141 170 20

357 251 587 304 Coniugem
623 250 877 302 ingeniosum
913 250 1149 289 admirantis
1189 250 1427 288 exclamatio
1474 255 1549 289 est.
1611 249 1680 288 Ac·
1709 249 1879 300 primum

358 320 536 371 quidem,
579 331 631 358 ne
661 319 715 356 de
745 314 806 357 ἔτι
834 317 982 355 multus
1012 316 1100 363 sim,
1139 317 1268 355 adeas
1300 316 1424 366 Soph.
1456 316 1505 356 O.
1535 317 1585 357 R.
1616 329 1650 356 v,
1680 317 1774 365 815,
1811 318 1879 355 ubi

358 399 382 425 e
421 384 684 430 Laurentiani
728 383 962 421 testimonio
1003 383 1105 422 hoc:
1149 380 1212 433 τίς
1246 380 1374 424 τοῦδέ
1409 379 1446 431 γ’
1479 380 1639 434 ἀνδρὸς
1676 383 1755 424 νῦν
1788 380 1877 424 ἔστ’

359 450 619 501 ἀθλιώτερος
656 450 861 488 verissime
896 450 1130 488 Dindorfius
1170 447 1235 499 τίς
1269 448 1396 490 τοῦδέ
1433 446 1471 497 γ’
1508 446 1667 500 ἀνδρὸς
1703 449 1781 490 νῦν
1820 448 1879 489 ἔτ’

359 516 618 568 ἀθλιώτερος
649 517 797 557 elicuit.
857 516 1030 567 Deinde,
1061 522 1106 554 ut
1135 516 1270 555 statim
1298 516 1522 566 proximum
1551 516 1779 567 exemplum
1808 517 1880 555 ad·

358 586 498 632 seram,
528 585 679 635 duplex
705 584 1040 633 interrogativum
1082 584 1186 622 redit
1214 583 1307 623 Hel.
1336 585 1438 623 336:
1473 578 1550 623 τίν’
1587 580 1671 633 ἄρα
1701 580 1879 624 τάλαινα

357 649 451 692 τίνα
479 647 745 702 δακρυόεντα
774 646 907 698 λόγον
934 646 1196 700 ἀκούσομαι;
1227 662 1370 701 neque,
1401 656 1446 688 ut
1475 650 1555 688 alia
1574 650 1768 695 omittam,
1798 663 1879 687 non

362 719 476 756 vides
505 718 600 757 Eur.
632 718 771 768 Suppl.
804 719 910 756 1048

620 781 791 823 τέκνον.
821 781 886 833 τίς
917 780 1048 833 αὔρας
1081 780 1145 832 τίς
1174 779 1353 832 στόλος;
1385 780 1501 833 τίνος
1535 779 1658 834 χάριν

626 847 771 900 δόμων
799 847 1006 900 ὑπερβᾶσ’
1035 846 1164 899 ἦλθες
1194 847 1256 899 εἰς
1286 847 1412 899 τήνδε
1443 847 1598 900 χθόνα;

359 918 461 956 ultro
492 917 625 955 offerri
653 917 925 955 coniecturam
954 916 1079 955 hanc:

687 981 857 1023 τέκνον·
887 981 963 1034 τίς,
994 980 1116 1033 αὔδα,
1146 981 1209 1032 τίς
1240 980 1419 1033 στόλος;
1451 1005 1504 1011 -

362 1051 429 1088 Sic
458 1051 565 1088 enim
597 1047 720 1100 αὔδα,
750 1047 944 1100 αὔδησον
970 1057 1037 1089 ctt.
1067 1050 1179 1088 haud
1198 1062 1287 1088 raro
1315 1051 1696 1100 interrogationibus
1727 1050 1879 1088 adbae-

360 1124 470 1168 rent;
501 1118 607 1156 conf,
628 1119 801 1174 exempli
821 1129 943 1155 causa
963 1118 1054 1157 Hel.
1079 1119 1159 1157 680
1178 1118 1328 1157 Phoen.
1353 1119 1444 1157 124.
1493 1118 1576 1155 Sed
1603 1118 1677 1155 erit
1706 1118 1879 1155 fortasse

361 1184 430 1233 qui
460 1184 651 1221 librorum
680 1184 916 1233 scripturam
945 1183 1039 1220 mihi
1070 1183 1232 1232 quidem
1262 1195 1337 1221 nec
1365 1183 1459 1221 mihi
1489 1183 1565 1221 soli
1591 1183 1878 1233 perobscuram

362 1251 580 1301 explanare
610 1251 724 1299 sciat,
756 1262 1002 1300 quamquam
1031 1251 1064 1288 is
1094 1255 1239 1287 caveat
1269 1255 1431 1299 oportet
1458 1262 1510 1287 ne
1540 1255 1610 1288 aut
1640 1261 1729 1287 cum
1745 1249 1880 1287 Mark-

363 1318 487 1355 lando
526 1312 662 1366 αὔραν
697 1321 877 1364 ventum,
921 1316 990 1365 qui
1019 1315 1220 1353 Euadnen
1262 1315 1354 1353 illuc
1389 1316 1624 1361 advexerat,
1663 1316 1773 1354 dicat
1808 1322 1878 1353 aut

365 1384 586 1423 anhelitum
619 1394 710 1421 cum
737 1383 969 1421 Burmanno
998 1383 1053 1420 ad
1074 1382 1258 1432 Properti
1287 1383 1389 1433 eleg.
1419 1383 1439 1420 I
1471 1384 1534 1428 16,
1566 1385 1632 1423 32.
1690 1382 1878 1421 Ceterum

362 1450 579 1488 occasione
609 1450 708 1487 data
738 1460 889 1498 paucos
919 1449 1120 1498 quosdem
1146 1449 1388 1497 tragicorum
1407 1449 1520 1486 locos
1550 1448 1746 1499 attingam
1775 1460 1879 1499 quos

362 1516 650 1555 emendatione
680 1515 831 1553 leniore
860 1527 981 1565 quam
1013 1527 1118 1565 quae
1147 1528 1256 1554 nunc
1289 1516 1376 1554 viris
1405 1516 1537 1554 doctis
1565 1516 1773 1566 probatur,
1804 1517 1878 1553 ad-

361 1583 490 1620 hibita
525 1583 566 1619 in
603 1582 815 1632 pristinum
852 1582 1022 1620 nitorem
1057 1582 1212 1620 restitui
1249 1593 1374 1632 posse
1409 1581 1621 1623 confidam.
1678 1581 1826 1621 Ordior
1855 1595 1879 1620 a

362 1649 488 1699 Soph.
519 1649 631 1687 Aiac.
663 1661 697 1687 v.
729 1650 808 1687 496
841 1660 914 1698 sq.‚
944 1660 1047 1698 quos
1077 1659 1215 1686 versus
1234 1648 1438 1687 Nauckius
1468 1649 1509 1686 in
1539 1649 1678 1687 ultima
1698 1649 1879 1687 editione

362 1716 471 1754 hunc
500 1716 541 1753 in
571 1716 739 1753 modum
769 1716 996 1755 constituit:

417 1780 443 1836 ᾗ
476 1779 635 1834 (Both.:
671 1778 707 1822 εἰ
739 1781 859 1822 Laur.
889 1778 943 1831 ἢν
972 1779 1128 1833 apogr.)
1156 1779 1245 1832 γὰρ
1266 1779 1401 1836 θάνῃς
1431 1780 1487 1823 σὺ
1516 1780 1585 1823 καὶ
1613 1779 1880 1831 τελευτήσας

974 1846 1089 1900 ἀπῆς
1116 1846 1191 1900 (sic
1213 1849 1259 1888 F.
1290 1849 1342 1887 G.
1373 1849 1586 1888 Schmidt.:
1618 1846 1736 1901 ἀφῇς
1768 1844 1824 1900 ll.)

420 1913 553 1970 ταύτῃ
584 1912 726 1965 νόμιζε
755 1911 860 1965 κάμὲ
890 1916 940 1967 τῇ
968 1912 1057 1954 τόθ’
1083 1909 1219 1967 ἡμέρᾳ
1243 1937 1297 1943 -

420 1981 495 2023 ξὺν
523 1980 641 2021 παιδὶ
668 1983 729 2034 τῷ
755 1982 822 2033 σῷ
855 1979 1031 2021 δουλίαν
1061 1979 1169 2022 ἕξειν
1198 1979 1379 2032 τροφήν.

364 2048 503 2087 Habet
531 2054 670 2087 autem
696 2048 991 2097 Laurentianus
1023 2045 1092 2087 καὶ
1110 2045 1370 2098 τελευτήσῃς
1401 2047 1644 2098 (correctum
1662 2061 1711 2087 ex
1738 2049 1880 2089 τελευ-

361 2112 527 2165 τήσεις)
547 2112 677 2167 ἀφῇς,
707 2116 819 2153 unde
838 2114 1029 2165 Sophocli
1050 2116 1221 2153 reddas:
1253 2113 1279 2167 ᾖ
1310 2113 1391 2165 γὰρ
1412 2112 1544 2168 θάνῃς
1570 2114 1625 2155 σὺ
1644 2113 1713 2155 καὶ
1742 2115 1880 2156 τελευ-

362 2179 516 2236 τήσῃς,
547 2179 575 2222 ἃ
599 2179 701 2232 φής,
730 2178 741 2193 ‘
757 2193 838 2232 quo
859 2182 927 2220 die
955 2188 998 2220 tu
1027 2188 1210 2221 mortuus
1232 2183 1309 2220 eris
1329 2189 1372 2220 et
1391 2180 1644 2232 perseceris1,
1676 2195 1781 2233 quae
1809 2184 1880 2220 mi-

363 2246 503 2288 naris'.
561 2248 756 2286 Nimirum
787 2248 889 2286 Aiax
919 2248 1050 2299 ipsum
1086 2260 1130 2287 se
1166 2249 1241 2287 sibi
1276 2249 1354 2287 vim
1389 2249 1605 2288 inlaturum
1639 2261 1730 2288 esse
1759 2255 1881 2288 antea

363 2315 571 2365 professus
601 2320 701 2360 erat,
739 2315 976 2364 ambagibus
1013 2327 1110 2354 sane
1145 2316 1356 2354 verborum
1391 2328 1501 2360 usus,
1538 2317 1613 2353 sed
1651 2317 1708 2354 ita
1742 2322 1881 2365 aperte

365 2386 424 2425 ut,
455 2381 554 2430 quid
583 2381 719 2418 animo
750 2381 936 2432 agitaret,
964 2392 1100 2431 neque
1124 2381 1290 2419 chorum
1320 2393 1454 2431 neque
1474 2382 1736 2420 Tecmessam
1769 2382 1882 2432 fuge-

364 2453 438 2486 ret.
498 2447 657 2494 Quodsi
685 2458 738 2485 ne
768 2459 868 2484 uxor
897 2446 1062 2496 quidem
1090 2459 1175 2485 rem
1208 2447 1465 2485 inhonestam
1493 2459 1589 2485 vero
1616 2448 1778 2486 nomine
1810 2460 1881 2497 ap-

364 2514 490 2563 pellat
503 2511 533 2560 2,
562 2514 606 2551 id
635 2519 678 2551 et
706 2513 852 2563 pudori
881 2513 1055 2551 mulieris
1084 2519 1125 2551 et
1152 2519 1333 2553 veterum
1353 2514 1629 2564 superstitioni
1648 2514 1880 2555 tribuemus,

496 2580 727 2630 Sequantur
756 2580 850 2620 Eur.
881 2579 967 2629 Iph,
999 2580 1120 2618 Taur.
1151 2582 1231 2619 812
1264 2587 1354 2619 ctt.:

495 2734 508 2759 ²
533 2741 568 2769 et
592 2747 634 2768 eo
661 2736 803 2778 quidem
829 2745 934 2768 sensu
959 2738 1138 2770 τελευτᾶν
1163 2747 1182 2769 a
1199 2735 1378 2778 Sophocle
1395 2736 1506 2768 multo
1524 2736 1661 2780 saepius
1686 2740 1880 2780 usurpatur,

362 2803 467 2836 quam
491 2791 600 2826 altero
626 2793 812 2827 moriendi.

492 2848 509 2881 2
533 2851 576 2886 cf.
603 2851 774 2884 scholion.
