2047 3253
1026 129 1072 169 14

283 244 386 289 σὸν
413 243 545 298 οἶνον,
587 249 650 288 vel
687 249 846 289 inverso
883 243 1028 289 ordine
1058 250 1151 293 Pac.
1189 251 1266 291 144
1291 247 1415 302 λιμὴν
1442 248 1491 293 δὲ
1533 249 1614 304 τίς
1654 257 1708 296 σε
1734 252 1804 297 δέ·

282 315 398 356 ξεται
425 313 724 366 φορούμενον;
761 316 833 355 Αν.
865 316 973 356 1024
1002 313 1168 368 ἔπεμψε
1197 315 1246 358 δὲ
1275 314 1359 368 τίς
1388 324 1440 359 σε
1468 317 1622 371 δεῦρο,
1654 320 1803 372 Neque

284 383 400 422 aliter
433 382 587 432 tragici.
646 382 755 421 Vide
792 383 918 422 modo
955 383 1159 435 Euripidis
1189 384 1405 426 Medeam:
1444 398 1478 427 v,
1508 387 1588 426 312
1627 385 1697 427 καὶ
1724 389 1802 430 νῦν

283 447 335 489 τὸ
364 448 441 499 μὲν
468 447 568 489 σὸν
597 446 650 489 οὐ
680 450 844 500 φθονῶ,
887 462 923 490 v.
944 451 1028 490 460
1055 447 1157 502 ἥκω,
1196 450 1247 492 τὸ
1267 450 1373 493 σὸν
1403 450 1450 492 δὲ
1478 451 1802 505 προσκοπούμε-

283 527 375 567 νος,
404 513 549 564 γύναι·
607 529 643 558 ν.
664 517 748 557 500
776 515 970 557 δοκοῦσα
999 515 1077 567 μὲν
1106 516 1154 558 τί
1181 516 1293 570 πρός
1320 530 1369 568 γε
1406 518 1489 560 σοῦ
1527 516 1701 570 πράξειν
1733 531 1802 561 κα-

283 584 389 633 κῶς;
419 596 455 623 ν.
487 584 592 622 1222
622 580 692 623 καί
720 594 790 633 μοι
818 581 869 623 τὸ
899 582 976 634 μὲν
1004 581 1103 626 σὸν
1133 583 1331 627 ἐκποδὼν
1357 584 1470 626 ἔστω
1504 583 1660 635 λόγων.
1717 587 1802 626 Sed

284 657 328 689 ut
356 651 412 689 ad
441 650 755 700 Aristophanem
791 651 972 700 redeam,
1011 664 1126 690 veras
1159 654 1419 702 exceptiones
1443 654 1711 703 paucissimas
1741 666 1801 692 re-

284 718 409 767 linqui
438 717 658 767 intellegis:
687 717 850 757 Acham
879 719 958 757 796
989 715 1062 766 (ἂν
1087 716 1165 759 τὸν
1194 715 1348 761 ὀδελὸν
1380 720 1696 772 inMegarensis
1723 718 1802 772 or.)

283 785 357 823 Av.
396 785 516 828 1143,
553 784 718 834 Lysistr.
750 785 844 832 201,
884 784 992 824 Eccl.
1022 787 1116 836 412,
1155 788 1275 826 1149.
1339 786 1439 825 Plut.
1471 788 1571 838 5593
1606 793 1649 826 at
1688 794 1803 826 octo-

283 852 397 901 ginta
428 851 511 889 fere
540 851 640 890 locis
680 851 858 890 comicus
900 851 1032 901 legem
1074 859 1238 891 secutus
1268 860 1342 899 est,
1371 855 1411 893 in
1439 855 1517 893 hac
1545 856 1802 894 observantia

235 915 241 922 ‘
283 919 345 956 vel
384 918 546 968 tragicis
586 918 774 958 severior.
832 918 935 956 Sunt
972 918 1077 957 haec
1111 919 1286 958 fortasse
1315 921 1436 967 levia3
1471 934 1596 972 quare
1632 923 1748 961 venia
1777 935 1802 961 a

283 986 433 1023 lectore
453 986 710 1035 impetranda
726 990 789 1023 est
819 986 932 1034 quod
959 984 1077 1023 huius
1094 986 1381 1036 disputationis
1401 987 1520 1026 finem
1540 999 1625 1026 non
1644 989 1800 1039 faciam,

283 1053 517 1103 priusquam
558 1052 728 1091 alteram
771 1053 825 1090 de
862 1052 1149 1102 monosyllabis
1185 1053 1372 1093 brevibus
1411 1054 1801 1095 observatiunculam

282 1120 507 1160 subiecero.
565 1119 662 1158 Illae
691 1120 798 1158 enim
822 1120 993 1158 voculae
1022 1131 1115 1157 cum
1143 1119 1184 1157 in
1213 1119 1442 1159 elevatione
1471 1122 1638 1160 trimetri
1653 1122 1802 1172 saepis-

285 1187 385 1225 sime
414 1187 574 1238 positae
603 1186 858 1225 inveniantur
892 1207 936 1213 -—
972 1198 1217 1237 quamquam
1260 1199 1314 1225 ne
1350 1187 1392 1226 in
1428 1187 1505 1226 hoc
1533 1189 1699 1238 quidem
1727 1200 1798 1227 usu

284 1253 427 1303 tragici
454 1253 559 1292 inter
588 1265 632 1292 se
664 1253 907 1304 conspirant,
948 1254 1015 1304 qui
1043 1254 1104 1291 vel
1134 1253 1279 1304 singuli
1317 1255 1357 1292 in
1388 1255 1554 1303 singulis
1584 1255 1802 1304 tragoediis

284 1320 502 1371 haud‚sibi
535 1326 727 1359 constent
759 1341 804 1347 —
839 1326 977 1359 tamen
1001 1332 1091 1359 raro
1122 1321 1272 1359 factum
1308 1327 1370 1360 est
1403 1327 1449 1359 ut
1483 1321 1524 1360 in
1553 1322 1659 1361 binis
1687 1322 1801 1361 dein·

284 1399 380 1437 ceps
393 1388 566 1437 pedibus
588 1388 693 1426 arsin
713 1394 977 1436 occuparent,
1007 1388 1130 1425 veluti
1150 1388 1336 1437 Aeschyl.
1357 1387 1464 1428 Pers.
1483 1390 1564 1428 457
1585 1386 1685 1428 ὅποι
1705 1386 1800 1438 τρά-

282 1461 427 1495 ποιτο·
466 1451 605 1495 πολλὰ
635 1452 729 1504 μὲν
758 1452 857 1505 γὰρ
886 1452 942 1494 ἐκ
971 1453 1094 1495 νεῶν.
1143 1454 1268 1494 Cuius
1298 1455 1457 1505 generis
1487 1456 1598 1505 apud
1627 1455 1800 1506 Aeschy-

284 1524 365 1560 lum
395 1534 478 1560 non
506 1522 678 1572 amplius
702 1513 798 1559 octo
828 1523 1013 1571 exempla
1042 1522 1306 1571 deprehendi,
1344 1523 1455 1572 apud
1484 1521 1729 1571 Sophoclem
1757 1523 1799 1560 in

283 1589 453 1627 totidem
498 1588 642 1627 fabulis
688 1588 827 1639 viginti
868 1588 956 1633 tria,
997 1588 1266 1638 undetriginta
1306 1588 1482 1638 denique
1522 1588 1562 1626 in
1597 1588 1799 1639 Euripidis

283 1655 517 1704 tragoediis.
575 1655 681 1693 Nihil
703 1653 906 1693 eiusmodi
931 1657 1042 1704 apud
1072 1655 1196 1693 Rhesi
1217 1655 1462 1705 scriptorem.
1519 1657 1580 1694 Ac
1609 1657 1672 1694 vel
1701 1657 1798 1694 inde

283 1723 404 1773 longe
430 1722 684 1773 gravissimos
709 1722 910 1760 trimetros
931 1721 1173 1772 Aeschylum
1200 1722 1398 1772 panxisse‚
1431 1722 1631 1774 Euripidis
1663 1728 1800 1761 autem

283 1790 465 1828 senarios
486 1789 720 1839 Aeschyleis
743 1801 863 1840 quam
883 1789 1120 1839 Sophocleis
1140 1789 1275 1838 aliquo
1294 1790 1418 1826 modo
1448 1789 1658 1827 similiores
1679 1789 1800 1827 fuisse

280 1847 381 1895 licet*
406 1857 524 1895 nobis
554 1857 812 1895 concludere.
871 1855 1088 1895 Praeterea
1133 1867 1227 1894 vero
1271 1856 1374 1894 inter
1413 1868 1457 1894 se
1488 1867 1538 1894 eo
1569 1856 1800 1906 discrepant

282 1926 396 1975 quod
426 1923 649 1973 Aeschylus
689 1922 859 1974 plurima
895 1923 1081 1973 exempla
1119 1923 1160 1961 in
1195 1923 1308 1961 initio
1338 1922 1503 1960 trimetri
1533 1921 1592 1972 (4)
1621 1922 1798 1968 admisit,

281 1991 436 2030 deinde
473 1996 569 2041 post
604 1990 978 2041 semiseptenariam
1013 1987 1068 2040 (3.
1099 1990 1148 2029 cf.
1180 1989 1286 2028 Pers.
1317 1990 1396 2028 766
1437 1985 1633 2039 θρόνοισί
1658 1985 1694 2029 τ’
1725 1986 1800 2038 ἀρ-

280 2055 457 2108 χαίοισι·
487 2054 581 2097 τὸν
610 2055 662 2097 δὲ
691 2055 795 2097 σὺν
818 2053 965 2109 δόλῳ),
996 2056 1218 2107 Sophocles
1247 2056 1414 2105 plurima
1442 2062 1535 2106 post
1565 2056 1799 2105 semisepte-

280 2123 434 2161 nariam
463 2119 539 2173 (8),
569 2123 761 2173 pauciora
790 2119 853 2172 (5)
882 2123 923 2160 in
951 2122 1065 2160 initio
1096 2133 1232 2160 versus
1256 2121 1446 2169 exhibuit,
1477 2134 1565 2160 cum
1584 2122 1798 2172 Euripides

280 2201 375 2227 eum
404 2189 538 2228 locum
559 2188 789 2239 praeferret,
820 2188 887 2238 qui
915 2194 978 2227 est
1005 2194 1100 2239 post
1129 2187 1455 2238 semiquinariam
1485 2184 1586 2240 (10),
1618 2194 1704 2227 tum
1733 2188 1798 2227 tri-

279 2256 396 2294 metri
424 2255 637 2293 exordium
669 2253 744 2305 (9).
803 2255 1021 2293 Rarissima
1041 2264 1178 2293 autem
1206 2260 1270 2292 est
1284 2254 1393 2292 haec
1416 2255 1599 2304 species:
1629 2253 1683 2295 τὰ
1703 2252 1794 2295 δεύ-

279 2319 366 2373 τερ’
399 2319 453 2362 ἐκ
481 2318 636 2362 τῶνδ’
668 2319 730 2362 ἂν
759 2319 931 2372 λέγοιμ’,
962 2317 989 2361 ἅ
1007 2333 1075 2370 μοι
1096 2321 1227 2372 δοκεῖ,
1258 2332 1364 2371 quae
1396 2333 1488 2359 cum
1507 2323 1620 2371 apud
1639 2321 1799 2372 Sopho-

281 2389 384 2427 clem
413 2394 558 2440 quater
586 2393 763 2427 recurrat
786 2388 828 2426 in
848 2387 1011 2438 Oedipo
1032 2388 1161 2440 Rege,
1191 2388 1303 2439 apud
1322 2388 1558 2438 Euripidem
1586 2388 1796 2438 quinquies

280 2455 491 2496 invenitur.
555 2454 677 2493 Porro
712 2455 852 2507 tragici
892 2455 1010 2494 enixe
1046 2467 1212 2506 operam
1249 2456 1453 2495 dederunt
1490 2461 1547 2501 ut,
1584 2456 1617 2496 si
1650 2454 1798 2505 p'rimas

280 2522 385 2559 duas
415 2521 580 2559 trimetri
599 2521 847 2560 elevationes
867 2522 1142 2571 monosyllaba
1170 2522 1308 2560 brevia
1336 2521 1595 2570 insedissent,
1626 2534 1653 2561 a
1676 2533 1797 2571 spon-

279 2588 361 2626 deo
390 2599 528 2627 versus
556 2588 773 2634 ordiretur;
813 2587 920 2628 conf.
953 2587 1137 2638 Aeschyl.
1167 2587 1300 2639 Suppl.
1330 2589 1424 2633 469,
1457 2587 1580 2638 Soph.
1610 2587 1671 2628 El.
1701 2589 1794 2628 441.

280 2655 331 2693 Ο.
362 2655 411 2695 R.
441 2656 522 2696 590
552 2655 602 2694 Ο.
633 2654 679 2694 C.
712 2655 806 2701 748,
837 2657 932 2701 992,
968 2655 1012 2695 fr.
1072 2657 1122 2695 79
1152 2654 1307 2694 Nauck.
1353 2654 1448 2694 Eur.
1478 2654 1641 2705 Hippol.
1675 2656 1795 2700 1042,

279 2721 436 2761 Hecab.
469 2723 587 2771 1269,
632 2722 794 2761 Hercul.
823 2723 917 2766 274,
960 2721 1043 2772 Sup
1074 2722 1096 2760 l.
1127 2722 1221 2770 568,
1258 2721 1344 2771 Iph.
1382 2720 1505 2759 Taur.
1537 2715 1631 2770 670,
1676 2723 1796 2766 1201,

284 2788 403 2839 1407,
432 2785 502 2826 Or.
534 2789 653 2827 1132.
711 2787 844 2826 Semel
882 2788 1045 2838 quidem
1080 2793 1144 2826 est
1171 2787 1360 2838 Sophocl.
1399 2786 1535 2838 Antig.
1566 2799 1624 2826 vs.
1655 2788 1710 2827 80
1737 2784 1794 2826 σὺ

280 2852 357 2905 μὲν
385 2850 477 2894 τάδ’
507 2852 562 2895 ἂν
590 2851 780 2905 προῦχοι’
812 2875 878 2907 --,
919 2855 1043 2893 semel
1083 2855 1176 2895 Eur.
1207 2846 1291 2904 lph'.
1315 2853 1363 2892 T.
1393 2855 1472 2893 936
1511 2851 1552 2893 τί
1589 2850 1671 2904 γάρ
1700 2852 1795 2895 ποτ’
