2047 3253
999 193 1046 233 29

265 312 333 353 ubi
363 302 403 353 in
433 313 565 352 verbis
595 313 889 354 constituendis
919 313 1278 362 Klinkenbergium
1298 310 1312 338 ¹
1341 325 1502 365 sequor,
1547 325 1638 353 cum
1674 311 1780 355 ἀπο·

264 377 433 430 φαίνειν
469 380 556 418 libri
598 381 830 419 exhibeant.
889 379 994 418 Nam
1021 381 1136 431 quod
1164 376 1370 430 γλώσσης
1399 377 1493 430 δίας
1523 376 1782 431 ἀποφαίνειν

265 447 450 496 speciose
479 446 751 485 Weckleinius
782 446 973 492 coniecit,
1012 447 1093 484 tale
1126 447 1224 497 quid
1253 453 1394 498 optare
1422 447 1498 485 Ion
1527 453 1678 497 potest,
1709 449 1781 485 im-

266 525 407 563 perare
449 525 533 567 non
559 519 725 563 ·potest,
772 518 844 551 aut
885 513 953 550 dei
993 513 1117 563 ipsius
1157 519 1355 551 rectorem
1394 525 1486 552 sese
1515 514 1780 564 praebuisset.

266 581 332 619 De
368 581 660 631 significatione
694 585 841 628 autem,
887 592 1009 631 quam
1045 576 1156 630 ἴδιος
1197 581 1436 620 vocabulum
1479 581 1650 627 obtinet,
1698 594 1781 621 non

266 634 400 686 habeo
430 661 551 699 quem
578 648 723 686 melius
750 647 959 686 conferam
980 647 1225 686 Callimacho
1252 649 1295 686 in
1315 648 1443 699 epigr.
1464 648 1557 687 LVI
1572 649 1781 688 Wilamov.

465 713 603 766 Φησὶν
631 711 656 755 ὅ
687 726 738 765 με
767 711 936 766 στήσας
966 712 1194 765 Εὐαίνετος
1225 712 1295 765 (οὐ
1324 712 1407 766 γὰρ
1436 712 1570 765 ἔγωγε

463 779 713 834 γιγνώσκω)
743 779 861 832 νίκης
892 778 986 823 ἀντί
1014 793 1065 832 με
1094 783 1172 832 τῆς
1202 779 1308 832 ἰδίης
1325 779 1344 807 2

466 847 689 897 ἀγκεῑσθαι
717 837 916 898 χαὶῖκεῑον
943 845 1153 898 ἀλέκτορα
1181 846 1477 902 Τυνδαρίδῃσι.

272 916 394 955 Porro
425 916 641 954 infinitivus
670 927 745 966 pro
774 915 1011 966 imperativo
1037 916 1150 967 apud
1179 916 1415 966 Euripidem
1443 922 1505 955 est
1530 916 1681 957 Troad.
1700 919 1779 958 421

466 982 522 1022 σὺ
542 980 594 1027 δ’,
623 981 727 1031 ἡνίκ’
750 980 803 1022 ἄν
823 991 875 1023 σε
896 981 1079 1031 Λαρτίου
1099 982 1228 1035 χρῄζῃ
1260 981 1389 1032 τόκος
1416 980 1421 1033 Ι
1445 981 1573 1032 ἄγειν,
1603 982 1783 1024 ἕπεσθαι

271 1058 312 1089 ct
341 1051 514 1088 fortasse
544 1050 587 1090 fr.
613 1050 712 1089 536:
754 1046 858 1098 τοὺς
878 1049 1042 1099 ζῶντας
1064 1045 1110 1089 εὖ
1132 1048 1249 1099 δρᾶν.
1307 1049 1494 1100 Denique
1522 1062 1605 1089 non
1636 1052 1782 1089 dubito

271 1119 365 1167 quin
387 1118 484 1170 ιΙοῐι.
520 1130 556 1155 ν.
589 1118 695 1155 1396
732 1128 824 1154 cum
860 1116 968 1154 libris
1010 1115 1137 1163 σιγᾶν
1173 1114 1248 1155 σύ·
1295 1117 1500 1155 edendum
1538 1117 1590 1155 sit
1626 1118 1783 1155 abiecta

274 1185 458 1223 Dindorfi
489 1185 725 1222 coniectura
753 1180 855 1230 σίγα
884 1180 953 1222 σύ.
1013 1182 1116 1220 Nam
1145 1184 1348 1233 proprium
1381 1183 1546 1232 quidem
1579 1184 1783 1233 Euripidis

271 1258 334 1288 est
355 1252 521 1300 simplex
543 1247 656 1297 σίγα,
686 1250 809 1286 veluti
830 1249 916 1287 Alc.
936 1249 1029 1296 703,
1060 1249 1217 1288 Hecub.
1243 1251 1363 1294 1070,
1394 1248 1462 1289 Or.
1481 1251 1601 1295 1103,
1629 1250 1782 1290 Phoen.

277 1319 371 1364 925,
402 1318 512 1363 alibi;
558 1317 698 1355 fortius
728 1316 802 1354 erit
831 1313 932 1364 σίγα
960 1313 1028 1367 σύ,
1068 1316 1247 1354 omnium
1277 1323 1428 1363 tamen,
1468 1317 1510 1355 ni
1537 1317 1664 1362 fallor,
1704 1318 1786 1356 for-

276 1386 472 1422 tissimum
512 1385 687 1432 ideoque
726 1383 998 1420 adulescentis
1036 1384 1305 1431 indignationi
1340 1384 1516 1421 maxime
1552 1395 1785 1423 accommo-

273 1452 414 1490 datum
446 1451 557 1501 quod
587 1450 750 1489 codices
780 1455 980 1488 testantur
1009 1451 1222 1500 abruptum
1252 1450 1387 1504 σιγᾶν,
1405 1447 1471 1491 σύ.

404 1584 529 1632 Quod
560 1583 820 1621 Blomfieldus
854 1583 909 1621 ad
935 1582 1123 1632 Aeschyl.
1152 1582 1260 1623 Pers.
1286 1596 1320 1623 v,
1345 1584 1423 1622 389
1447 1583 1570 1624 ’ναῶν
1599 1584 1785 1629 formam,

272 1652 347 1689 nisi
375 1657 503 1688 metro
533 1655 779 1699 posceretur,
809 1661 859 1686 ex
890 1662 1076 1687 sermone
1106 1651 1348 1698 tragicorum
1378 1651 1641 1699 relegandam
1664 1652 1782 1688 ideo·

273 1729 352 1767 que
380 1717 423 1754 in
449 1717 561 1754 initio
592 1717 859 1755 trimetrorum
888 1717 1037 1767 ubique
1057 1716 1168 1756 νεῶν
1197 1717 1479 1766 reponendum
1498 1728 1590 1756 esse
1608 1718 1783 1768 putavit:

274 1797 323 1821 ea
354 1784 539 1834 quaestio
570 1784 743 1822 fortasse
772 1784 897 1832 digna
924 1789 988 1821 est
1017 1795 1124 1833 quae
1154 1784 1462 1835 redintegretur,
1491 1789 1709 1833 postquam
1730 1785 1785 1821 de

274 1852 461 1888 librorum
498 1851 735 1889 auctoritate
773 1851 888 1889 aliter
924 1851 1106 1888 iudicare
1138 1850 1364 1896 didicimus,
1408 1856 1531 1900 atque
1560 1850 1787 1889 Blomfieldi

275 1924 410 1956 aetate
430 1918 515 1956 fieri
535 1917 704 1957 solebat.
756 1918 830 1955 Est
851 1923 990 1955 autem
1011 1918 1052 1955 in
1073 1917 1260 1966 Aeschyli
1281 1917 1491 1957 Mediceo:
1522 1917 1628 1957 Pers.
1651 1930 1684 1957 v.
1705 1918 1784 1956 338

275 1984 407 2032 ναῶν,
437 1982 565 2034 δεκὰς
596 1982 632 2023 δ’
662 1980 715 2032 ἦν
742 1984 878 2024 τῶνδε
907 1981 1037 2033 χωρὶς
1066 1981 1264 2033 ἔκκριτος,
1294 1997 1328 2023 v.
1358 1985 1437 2023 357
1467 1983 1599 2025 ναῶν,
1616 1981 1786 2024 ἑπενθο·

277 2048 427 2101 ρόντες
455 2047 587 2099 ἄλλος
617 2047 782 2090 ἄλλοτε.
840 2064 873 2088 ν.
903 2052 979 2090 381
1011 2050 1129 2090 ναῶν
1158 2047 1340 2100 ἄνακτες
1370 2056 1441 2090 ctt.
1491 2063 1527 2089 v.
1559 2052 1637 2089 453
1668 2051 1786 2091 ναῶν

276 2115 409 2157 ἔδωκε
439 2123 506 2157 ctt.
555 2130 592 2156 v,
622 2119 702 2160 478
731 2118 849 2157 ναῶν
877 2116 925 2157 δὲ
954 2115 1076 2165 ταγοί
1105 2123 1172 2156 ctt.
1208 2118 1398 2167 idemque
1433 2117 1599 2155 trimetri
1638 2118 1788 2167 princi-

276 2185 385 2233 pium
416 2184 603 2233 Sophocl.
636 2184 680 2223 fr.
710 2184 854 2234 Naupl.
876 2185 956 2223 396
984 2191 1026 2222 et
1056 2185 1192 2234 Eurip.
1214 2185 1360 2224 Electr.
1381 2197 1418 2223 ν.
1434 2186 1472 2224 7.
1513 2184 1676 2222 Deinde
1697 2196 1787 2221 cum

275 2250 399 2300 Iphig.
429 2250 478 2290 T.
510 2263 544 2289 v.
570 2251 676 2290 1485
707 2250 869 2289 codices
898 2251 1015 2300 νηῶν
1043 2247 1078 2290 τ’
1110 2248 1264 2301 ἐρετμά
1293 2257 1364 2290 ctt.
1393 2250 1623 2297 exhibeant,
1655 2251 1706 2289 ab
1736 2262 1786 2288 eo

275 2318 507 2358 testimonio
529 2318 694 2367 propius
708 2317 839 2363 «vatim
869 2319 905 2358 τ’
936 2316 1091 2367 ἐρετμά
1121 2319 1241 2356 abest
1265 2331 1404 2371 quam,
1433 2320 1546 2368 quod
1565 2325 1657 2368 post
1674 2319 1787 2356 Bois-

277 2384 490 2421 sonadium
521 2384 661 2428 edunt,
704 2384 816 2423 νεῶν
845 2379 879 2421 τ’
912 2379 1076 2432 ἐρετμά,
1122 2383 1455 2433 quandoquidem
1484 2381 1589 2434 νηός
1625 2395 1787 2435 quoque

276 2455 317 2487 et
346 2447 466 2499 ναός,
490 2447 649 2498 7νηυσίν
678 2455 722 2487 et
750 2447 902 2490 ναυσίν
931 2450 1134 2488 interdum
1163 2462 1188 2487 a
1214 2451 1380 2489 librariis
1406 2451 1633 2490 miscentur.
1690 2449 1786 2487 Om-

275 2517 371 2553 nino
402 2522 551 2560 autem,
597 2516 630 2553 si
661 2516 759 2565 quid
785 2527 916 2553 rerum
945 2516 1215 2565 probabilitati
1243 2516 1395 2566 tribuis,
1441 2516 1641 2554 insolitum
1670 2515 1786 2556 ναῶν

277 2582 430 2621 facilius
459 2583 657 2633 corrumpi
685 2583 869 2632 potuisse
903 2595 1024 2633 quam
1061 2595 1136 2622 usu
1173 2584 1307 2621 tritum
1341 2583 1452 2624 νεῶν
1487 2584 1658 2621 libenter
1689 2595 1787 2620 con-

278 2644 415 2709 cedes,
461 2656 503 2688 et
532 2651 760 2699 spondeum
789 2651 829 2687 in
859 2651 988 2700 primo
1022 2652 1131 2701 pede
1161 2663 1186 2689 a
1214 2651 1375 2699 tragicis
1411 2650 1655 2699 frequentari
1688 2662 1786 2687 con-

407 2745 422 2771 1
446 2748 638 2791 Euripidea
661 2759 695 2791 p.
713 2747 770 2782 24.

405 2803 422 2827 2
446 2806 491 2837 de
516 2805 624 2837 simili
650 2816 716 2838 usu
741 2805 778 2837 in
803 2805 1091 2848 inscriptionibus
1116 2806 1244 2838 Atticis
1269 2806 1353 2838 inde
1377 2805 1420 2837 ab
1440 2814 1530 2836 anno
1548 2803 1595 2838 69
1614 2814 1643 2838 a.
1658 2803 1738 2838 Chr.
1753 2815 1787 2838 n.

276 2845 463 2908 apparente
487 2863 568 2896 vide
586 2863 632 2896 sis
649 2862 890 2897 Meisterhans.
916 2860 1005 2909 §37‚
1023 2862 1047 2898 4
1071 2875 1150 2897 cum
1175 2865 1254 2898 adn.
1289 2863 1397 2906 Quem
1422 2873 1522 2896 usum
1545 2862 1584 2894 in
1607 2872 1785 2906 compara-

275 2923 405 2957 tionem
430 2933 555 2956 vocare
581 2923 703 2955 nolim.
