2047 3253
542 267 636 322 ἦλθ’
667 269 768 322 οὐχὶ
791 267 944 321 μικρὰν
972 266 1076 311 θεὸν
1101 266 1216 319 ἔχων
1240 264 1380 309 αὑτοῦ
1408 266 1514 318 μέτα

539 336 568 379 ὁ
592 334 733 390 τῆσδ’,
762 333 977 388 ἀλάστωρ,
1006 333 1083 377 εἴτ’
1113 328 1404 384 Ἁλέξανδρον·
1427 332 1569 385 θέλεις

543 401 721 455 ὀνόματι
748 402 1028 455 προσφωνεῖν
1055 413 1121 444 νιν
1149 398 1235 444 εἴτε
1263 399 1335 443 καὶ
1361 398 1514 452 Πάριν.

271 481 430 523 ‘Voces
457 496 562 532 eum,
593 492 852 534 quocumque
886 482 998 521 voles
1041 482 1199 521 mortali
1228 482 1407 532 nomine,
1444 481 1556 520 certe
1585 477 1789 532 ἀλάστωρ

271 547 378 592 suit'.
434 550 522 590 lam
550 550 711 601 propria
747 560 820 589 sua
863 550 900 588 vi
935 549 1145 589 distinctio
1173 548 1246 588 illu
1271 544 1359 589 εἴτε
1391 567 1438 576 -
1471 544 1554 589 εἴτε
1581 548 1788 599 particulis

273 619 441 657 inducta
468 629 550 656 non
579 617 757 667 indiget3
787 627 879 656 cum
899 617 1006 655 enim
1028 622 1152 656 antea
1180 616 1235 656 ad
1254 621 1412 663 totum,›
1429 612 1791 666 quod-praecedit,

273 685 526 724 enuntiatum
554 683 768 723 referenda
797 683 929 731 fuerit,
958 694 1067 722 nunc
1095 678 1213 722 unice
1242 683 1420 734 pertinet
1440 682 1516 720 ad
1543 682 1588 720 id
1615 677 1791 721 vocabu·

270 752 365 800 lum,
393 751 434 789 in
463 758 550 802 quo*
575 758 746 790 summa
763 750 992 791 sententiae
1021 756 1231 791 versatur:
1262 746 1479 800 ἀλάστωρ.

405 828 568 868 Subicio
598 828 777 868 Medeae
804 840 942 868 versus
973 828 1052 869 866
1074 837 1146 879 sq.-

535 904 626 957 ἥκω
656 900 927 958 κελευσθείς·
972 895 1042 948 καὶ
1070 905 1153 958 γὰρ
1183 903 1296 950 οὖσα
1324 893 1540 964 δυσμενὴς

536 971 589 1015 οὔ
618 970 698 1015 τᾶν
729 969 935 1029 ἁμάρτοις
964 971 1093 1015 τοῦδέ
1123 971 1173 1024 γ’,
1205 966 1300 1014 ἀλλ’
1330 967 1571 1024 ’ἀκούσομαι

536 1038 576 1083 τί
604 1041 744 1093 χρῆμα
775 1037 916 1096 βούλει
946 1037 1095 1106 καινὸν
1124 1039 1168 1083 ἐξ
1196 1032 1316 1092 {nom
1344 1037 1479 1089 γύναι.

270 1122 417 1172 quibus
444 1127 584 1160 tamen
621 1121 751 1159 verbis
793 1132 892 1158 cave
927 1132 979 1172 ne
1016 1119 1181 1158 nimium
1218 1107 1380 1173 pondus
1416 1108 1561 1170 addas,
1601 1120 1793 1169 quoniam

234 1191 236 1193 ’
268 1188 398 1230 τοῦδε
435 1189 583 1228 eodem
626 1187 712 1228 iure
741 1201 766 1226 a
797 1193 942 1226 neutro
975 1183 1075 1228 τόδε
1115 1183 1210 1225 licet
1249 1183 1445 1226 derivare.
1499 1178 1614 1224 ‘Hoc
1649 1187 1792 1224 saltem

271 1267 355 1294 non
385 1261 427 1294 te
454 1253 632 1302 deficiet,
661 1253 738 1293 sed
766 1251 930 1293 audiam
943 1243 968 1293 '.

403 1334 634 1384 Sequantur
662 1332 882 1372 Alcestidis
913 1344 1051 1370 versus
1082 1333 1292 1371 734—36:

533 1395 673 1450 ἔρῤων
702 1409 781 1440 νυν
810 1394 943 1449 αὐτὸς
971 1396 1023 1448 χὴ
1054 1395 1347 1448 ξυνοικήσασὰ
1376 1405 1448 1440 σοι
1471 1440 1476 1443 ,

534 1463 688 1507 ἄπαιδε
716 1462 871 1515 παιδὸς
901 1461 1042 1514 ὄντος,
1074 1460 1224 1514 ὥσπερ
1253 1461 1374 1510 ἄξιοι,

538 1527 795 1584 γηράσκετ’·
843 1528 896 1573 οὐ
925 1528 1007 1582 γὰρ
1035 1527 1146 1585 τῷδε’
1175 1526 1212 1578 γ’
1246 1527 1307 1581 εἰς
1334 1528 1492 1582 ταύτὸν
1522 1530 1680 1582 στέγος

538 1595 685 1640 νεῖσθ’.

268 1680 418 1718 Vetto:
443 1675 550 1716 ‘non
570 1676 677 1715 enim
696 1677 739 1714 in
756 1676 939 1722 easdem,
968 1687 1070 1726 quas
1090 1675 1169 1721 hic,
1200 1677 1326 1715 aedes
1346 1674 1631 1716 revertemini'.
1682 1676 1787 1715 Cum

267 1745 375 1785 enim
404 1744 589 1798 proxime
616 1739 773 1794 παιδός
801 1748 970 1794 praeeat
998 1754 1134 1794 neque
1163 1742 1425 1794 pronominis,
1469 1755 1590 1794 quem
1620 1744 1785 1795 sumpsi,

269 1826 365 1852 usus
394 1827 420 1853 a
448 1823 637 1852 sermone
659 1811 822 1850 Graeco
848 1810 1075 1860 abhorreat,
1105 1810 1213 1851 hanc
1242 1810 1351 1850 duco
1382 1818 1423 1850 et
1453 1811 1785 1862 simplicissimam

267 1885 308 1919 et
339 1879 586 1919 verissimam
615 1874 1005 1929 interpretationem.

400 1943 517 1983 Haec
545 1941 668 1995 igitur
695 1945 795 1983 satis
824 1950 967 1994 aperta
996 1951 1111 1990 sunt:
1154 1943 1392 1995 progredior
1421 1945 1476 1983 ad
1505 1948 1642 1983 versu's
1679 1945 1786 1983 eius·

267 2009 365 2055 dem
393 2007 555 2050 fabulae
587 2009 692 2050 1089
711 2018 782 2061 sq„
811 2010 880 2048 ubi
909 2019 1002 2049 cum
1031 2008 1228 2049 Hercules
1257 2007 1525 2050 mirabundus
1553 2015 1761 2060 rogasset:

464 2074 504 2118 τί
533 2077 594 2123 δ’;
626 2073 679 2118 οὐ
708 2074 857 2127 γαμεῖς
886 2073 982 2127 γάρ,
1013 2070 1124 2118 ἀλλὰ
1152 2075 1356 2128 χηρεύσει
1387 2073 1537 2128 λέχος;

266 2143 471 2183 Admetus
500 2143 748 2195 respondet:

465 2207 545 2253 οὐκ
575 2207 705 2258 ἔστιν,
735 2207 829 2262 ἥτις
857 2211 967 2267 τῷδε
997 2208 1338 2264 συγκλιθήσεται.

267 2280 333 2334 Sic
362 2279 549 2319 certatim
578 2291 721 2318 omnes
751 2279 971 2318 ediderunt
1006 2286 1092 2318 tum
1121 2291 1286 2332 quoque
1324 2291 1416 2319 cum
1445 2281 1609 2320 codices
1640 2280 1788 2319 Palati-

265 2358 344 2386 nus
372 2353 416 2385 et
443 2346 744 2385 Laurentianus
772 2346 814 2384 in
840 2345 1003 2385 minore
1032 2347 1274 2385 auctoritate
1309 2353 1462 2393 essent,
1503 2356 1627 2397 quam
1664 2347 1789 2386 hodie

266 2413 412 2452 merito
446 2413 493 2452 iis
529 2412 726 2453 tribuitur.
792 2413 845 2451 At
875 2412 973 2451 liber
1010 2412 1122 2451 haud
1157 2412 1272 2464 peior
1301 2410 1523 2453 Vaticanus
1560 2412 1655 2452 vide
1690 2412 1788 2464 quid

266 2479 482 2533 praebeat:

465 2544 544 2588 οὐκ
574 2544 704 2596 ἔστιν,
733 2543 827 2597 ἣτις
856 2544 956 2600 τῷδ’
987 2543 1110 2597 ἀνδρὶ
1138 2545 1480 2597 συγκλιθήσεται.

268 2615 389 2665 Quae
419 2615 542 2655 lectio
568 2626 694 2666 prava
722 2620 805 2663 est:
836 2615 913 2654 sed
944 2626 998 2653 en
1026 2614 1197 2665 emergit
1225 2614 1355 2654 iustus
1383 2614 1580 2655 trimeter:

469 2678 547 2721 οὐκ
575 2678 705 2729 ἔστιν,
738 2679 764 2730 ἣ
794 2678 892 2734 τῷδ’
921 2678 1045 2731 ἀνδρὶ
1072 2679 1413 2732 συγκλιθήσεται.

267 2747 324 2786 Ut
352 2749 461 2787 enim
489 2745 516 2798 ἥ
546 2749 588 2787 in
614 2745 709 2798 ἥτις
737 2749 866 2787 abiret
894 2749 1026 2787 librari
1045 2748 1306 2798 neglegentia
1324 2749 1410 2788 fieri
1428 2750 1581 2800 potuit3
1613 2756 1699 2789 tum
1719 2752 1786 2801 qui

265 2826 425 2854 versum
461 2820 706 2866 purgaturus
742 2820 841 2862 erat,
885 2814 991 2854 facili
1033 2824 1166 2855 errore
1196 2827 1248 2855 eo
1278 2815 1561 2856 adducebatur
1590 2822 1636 2856 ut
1663 2814 1788 2868 ἀνδρί

267 2883 433 2923 deleret.
492 2882 752 2922 Documento
791 2887 887 2922 sunt
925 2881 1147 2935 Byzantini,
1191 2893 1365 2935 quorum
1406 2883 1448 2922 in
1491 2885 1785 2935 exemplaribus
