2047 3253
965 135 1019 171 -ae

232 255 367 310 ‘Porro
385 255 545 296 Hecub.·
560 253 728 301 ,xm-1181
749 249 1026 304 Ἀγάμεμνον,
1042 248 1334 303 ἀνθρώποισιν
1347 248 1427 292 οὐκ
1447 249 1576 304 ἐχρῆν
1591 264 1747 295 ποτε...

417 322 554 374 Suppl.
584 335 621 362 v.
642 323 722 363 512
753 318 864 372 ὑμᾶς
879 318 1075 372 ’ὑβρίζειν
1101 318 1181 361 οὐκ
1209 318 1340 370 ἐχρῆν
1363 316 1526 360 τοιάνδ’
1555 317 1689 370 ὕβριν.

376 431 378 433 ,
417 431 420 434 ,
445 388 583 437 fragm.
617 389 725 436 1094
750 383 940 437 Παλλάς,
961 385 1212 443 τίδρῶμεη
1228 384 1307 426 οὐκ
1323 383 1452 436 ἐχρῆν
1465 384 1576 436 ἡμᾶς
1587 384 1651 433 ,ἔτι

239 454 332 494 Nec
367 454 585 494 dissimiles
606 460 720 494 'sunt
750 455 777 493 ii
805 455 896 505 loci,
939 454 1083 504 quibus
1118 454 1582 503 pronomenvrelativum
1617 454 1748 504 ipsum

238 533 402 573 quoque
436 522 772 571 monosyllabum‘g
789 518 917 571 ἐχρῆν
933 520 1103 576 :formae
1131 518 1407 570 praemittitur.
1466 518 1603 566 Quod
1618 520 1748 558 octies

239 588 391 629 factum
420 589 598 639 repperi:
625 588 845 633 Androna.-
870 599 905 627 v.
923 588 1069 635 ,100137-
1093 584 1248 643 Hecub.
1279 587 1402 632 123‚4;
1443 586 1588 624 Electr.
1621 587 1746 633 1012;

238 654 390 700 Troad.
423 655 514 700 390,
544 656 639 700 656,
665 655 771 700 *937;
819 652 1101 699 Bacch.‹964;
1147 652 1196 700 fr.>
1220 653 1331 702 7362.
1389 651 1493 690 Satis
1532 652 1628 690 inde
1658 653 1748 690 ido-

238 732 357 760 neam
387 710 698 772 explicationem
719 720 868 770 habet,
913 721 1029 770 quod
1058 725 1122 760 est
1151 719 1282 760 otest.
1313 730 1348 759 v.
1376 719 1482 759 1030
1515 718 1590 767 ζῆν
1619 716 1747 769 ἐχρῆν

238 786 280 828 σ’
310 785 376 829 ὅτ’
405 785 542 829 οὐκέτ’
573 785 620 828 εἷ.
678 788 733 826 At
763 787 797 825 si
829 787 1039 834 antecedit
1064 787 1303 825 vocabulum
1330 785 1458 824 maius
1487 797 1607 835 quam
1636 787 1747 835 quod

239 867 321 893 una
352 856 510 905 syllaba
531 854 802 900 contineat-ur,
835 850 964 904 ἐχρῆν
989 858 1224 896 constanter
1249 853 1290 890 in
1318 852 1403 896 fine,
1426 852 1590 890 trimetri
1624 852 1747 891 collo÷

238 928 374 961 catum
403 934 494 965 esse
510 933 678 970 cernes,
709 922 816 961 velut
844 920 980 970 Suppl.
1008 922 1091 959 174
1116 916 1208 959 ἀλλ’
1237 916 1299 968 ὡς
1327 917 1508 968 νεκροὺς
1535 916 1746 968 θάψωσιν,

238 984 315 1036 οὓς
343 984 478 1037 αὐτὰς
508 985 643 1038 ἐχρῆν.
668 1008 734 1017 —x
750 987 886 1039 Suppl.
909 988 989 1027 266
1018 986 1153 1038 γραῦς
1182 983 1234 1032 οὐ
1264 981 1481 1036 τυχούσας
1510 982 1651 1033 οὐδέν,
1685 982 1747 1027 ὧν

239 1051 372 1103 αὐτὰς
402 1052 543 1104 ἐχρῆν.
589 1056 784 1094 Androm.
817 1056 916 1100 395;
945 1054 1089 1094 Helen.
1122 1055 1248 1103 16503
1276 1054 1362 1092 Ion.
1395 1045 1519 1101 1315';
1550 1053 1593 1092 fr.
1628 1055 1746 1094 1035.

240 1119 330 1158 Nec
369 1119 511 1158 dubito
531 1144 533 1146 v
556 1120 654 1170 quin
679 1120 834 1167 Troad.
855 1133 900 1159 ·ν.
928 1120 1033 1159 1218
1063 1119 1346 1169 corrigendum
1371 1119 1446 1158 sit:
1477 1116 1506 1160 ἃ
1534 1117 1571 1160 δ’
1601 1117 1648 1161 ἐν
1676 1117 1746 1168 γά·

241 1194 358 1235 μοισι
386 1187 492 1236 χρῆν
521 1194 572 1226 σε
600 1185 869 1236 προσθέσθαι
902 1184 999 1236 χροῒ
1015 1183 1042 1226 ¹.
1107 1187 1194 1225 Iam
1228 1187 1333 1224 inter
1369 1186 1593 1235 fragmenta
1626 1187 1746 1236 tragi-

244 1264 382 1291 corum
410 1266 435 1291 a
465 1253 621 1292 Blassio
649 1254 756 1294 Mus.
786 1253 916 1295 Rhen.
945 1254 1022 1292 vol.
1037 1252 1198 1292 XXXV
1226 1265 1266 1303 p.
1286 1254 1339 1293 74
1360 1264 1419 1303 sq.
1439 1253 1644 1303 publicata
1671 1253 1748 1304 pri-

240 1331 363 1369 mum,
394 1322 507 1370 quod
536 1320 594 1359 sic
624 1321 801 1360 orditur:
831 1316 867 1359 ὦ
896 1317 1041 1369 πάτερ,
1071 1317 1212 1369 ἐχρῆν,
1242 1319 1334 1356 vide
1363 1331 1483 1369 quam
1505 1325 1615 1358 recte
1637 1320 1750 1358 Euri-

240 1386 325 1436 pidi
351 1387 528 1424 tribuant
543 1384 572 1426 2.
1058 1426 1061 1427 γ
1230 1423 1232 1425 .
1513 1387 1515 1389 ’

370 1446 563 1504 Superest
601 1449 681 1492 una
719 1454 1077 1492 admonitiuncula.
1143 1441 1342 1492 ‘Nimirum
1379 1454 1492 1503 quod
1530 1455 1584 1491 de
1619 1452 1748 1504 ἐχρῆν

239 1525 333 1569 post
360 1531 562 1559 consonas
585 1520 936 1571 *usurpatolverba
964 1520 1055 1567 feci,
1084 1520 1247 1569 neglexi
1272 1531 1374 1569 quae
1404 1519 1509 1559 libris
1536 1521 1749 1559 traduntur

237 1584 278 1625 δ’
307 1582 449 1637 ἐχρῆν,
488 1586 529 1636 μ’
557 1584 697 1637 ἐχρῆν,
733 1584 774 1627 σ’
805 1583 945 1636 ἐχρῆν,
987 1581 1190 1626 ἄκλαυστ’
1219 1584 1361 1636 ἐχρῆν,
1406 1587 1474 1624 ubi
1502 1588 1677 1625 tandem·
1699 1586 1747 1626 δὲ

237 1652 358 1703 χρῆν,
386 1651 437 1702 μὲ
451 1652 569 1704 χρῆν,
599 1652 653 1693 σὲ
667 1654 787 1703 χρῆν,
818 1648 1039 1693 ἄκλαυστα
1057 1653 1165 1702 χρῆν
1193 1654 1316 1690 edere
1335 1659 1566 1702 coeperunt.
1617 1653 1746 1691 Huius

239 1725 376 1758 autem
406 1720 567 1769 generis
594 1720 673 1757 alia
703 1729 867 1769 quoque
893 1725 988 1757 sunt
1016 1730 1123 1768 quae
1152 1719 1291 1756 nescio
1322 1731 1373 1757 an
1401 1720 1487 1757 sola
1515 1721 1746 1769 superstitio

238 1785 422 1827 retineat.
487 1785 544 1824 Ut
572 1786 760 1836 Sophocl.
792 1784 852 1825 Ai.
883 1797 918 1826 v,
949 1786 1028 1825 909
1069 1785 1301 1824 etiamnunc
1336 1797 1550 1836 perperam
1587 1793 1748 1825 servant

237 1853 429 1892 codicum
458 1853 715 1903 scripturam:

762 1915 857 1969 οἶος
886 1915 956 1969 ἄρ’
986 1915 1205 1970 αἱμάχθης.

238 1986 467 2037 Numquam
493 1987 614 2035 enim,
643 1986 738 2024 mihi
767 1986 902 2031 στοᾶς,
932 1986 1073 2035 tragici
1098 1987 1140 2025 in
1165 1986 1316 2024 melicis
1343 1987 1523 2037 partibus
1551 1987 1646 2037 quin
1673 1988 1749 2037 syl·

240 2054 352 2091 labas
388 2059 533 2091 natura
567 2054 630 2091 vel
668 2053 871 2103 positione
905 2054 1047 2102 longas
1080 2059 1300 2102 augmento
1329 2052 1542 2091 induerent
1571 2060 1750 2103 praeter-

238 2119 446 2171 miserunt,
489 2120 601 2159 cuius
632 2120 689 2158 rei
717 2132 801 2158 non
829 2125 894 2158 est
925 2120 1071 2159 certius
1102 2120 1391 2158 documentum
1425 2120 1493 2158 illo
1520 2116 1624 2170 ἆρχε
1655 2121 1748 2161 Eur.

235 2186 321 2236 Iph.
349 2187 437 2226 Aul.
469 2186 560 2232 260,
589 2188 679 2226 279.

370 2252 458 2293 Nec
498 2253 629 2293 minus
667 2246 799 2293 err‘are
837 2254 1024 2293 videntur
1057 2254 1083 2292 ii
1117 2254 1185 2304 qui
1221 2260 1366 2304 poetas
1403 2255 1579 2304 tragicos
1615 2251 1651 2294 ὦ
1679 2266 1749 2295 τα-

237 2317 443 2372 λαίφρων
472 2318 610 2369 γύναι
639 2317 779 2372 (Soph.
796 2321 857 2361 Αἰ.
875 2318 974 2372 903)
1004 2317 1039 2360 ὦ
1069 2318 1250 2372 φίλταθ’
1278 2318 1433 2371 Αἵμων
1463 2318 1748 2373 (Soph.Antig.

238 2385 337 2438 572)
367 2385 557 2439 Τυνδαρί
585 2408 637 2416 -
668 2385 914 2440 κακόφρων
942 2385 1049 2440 κόρα
1066 2386 1084 2413 3
1117 2389 1260 2427 similia
1288 2389 1424 2428 dicere
1449 2390 1630 2440 potuisse
1659 2402 1749 2440 per-

238 2454 422 2495 hibeant.
478 2455 639 2494 Nullum
668 2457 789 2494 crede
817 2456 858 2493 in
886 2455 1101 2506 Aeschylo,
1135 2454 1351 2505 Sophocle,
1387 2456 1579 2507 Euripide
1615 2457 1748 2495 locum

240 2521 310 2559 tibi
338 2522 624 2574 appariturum,
661 2534 757 2572 quo,
792 2528 838 2561 ut
863 2522 931 2560 illo
961 2523 1087 2561 modo
1116 2522 1238 2561 locuti
1264 2534 1356 2561 esse
1383 2523 1618 2568 iudicenter,
1663 2535 1747 2561 me·

370 2685 385 2711 ¹
409 2687 541 2731 γάμοις
564 2687 678 2731 ἐχρῆν
702 2687 798 2723 libri.
843 2688 888 2724 cf.
913 2686 1098 2721 Wecklein
1121 2687 1267 2721 Studien
1292 2699 1335 2720 zu
1360 2688 1545 2732 Euripides
1568 2689 1605 2732 p.'
1618 2687 1699 2723 367.

370 2743 387 2769 ²
412 2756 478 2787 ego
503 2746 605 2779 etiam
629 2750 710 2790 post
733 2745 868 2779 Kockii
899 2746 1170 2790 disputationem
1194 2746 1429 2779 doctissimam
1458 2746 1550 2779 malo
1575 2746 1746 2778 Wilamo-

243 2801 324 2835 vitzi
348 2803 514 2838 iudicium
538 2815 652 2837 meum
676 2805 799 2849 facere,
837 2804 897 2848 qui
920 2804 989 2837 hoc
1014 2804 1239 2845 fragmentum
1266 2804 1311 2837 ab
1335 2805 1504 2848 Euripide
1527 2804 1747 2838 abiudicavit.

370 2859 386 2883 ⁸
408 2864 492 2897 Eur.
517 2863 572 2897 El.
596 2862 678 2897 481.
