<?xml version="1.0" encoding="UTF-8"?>
<!DOCTYPE html PUBLIC "-//W3C//DTD XHTML 1.0 Transitional//EN"
    "http://www.w3.org/TR/xhtml1/DTD/xhtml1-transitional.dtd">
<html xmlns="http://www.w3.org/1999/xhtml" xml:lang="en" lang="en">
 <head>
  <title>
</title>
<meta http-equiv="Content-Type" content="text/html;charset=utf-8" />
  <meta name='ocr-system' content='tesseract 3.04.00' />
  <meta name='ocr-capabilities' content='ocr_page ocr_carea ocr_par ocr_line ocrx_word'/>
</head>
<body>
  <div class='ocr_page' id='page_1' title='image "4737823_0018.png"; bbox 0 0 2047 3253; ppageno 0'>
   <div class='ocr_carea' id='block_1_1' title="bbox 1016 147 1062 184">
    <p class='ocr_par' dir='ltr' id='par_1_1' title="bbox 1016 147 1062 184">
     <span class='ocr_line' id='line_1_1' title="bbox 1016 147 1062 184; baseline 0 0"><span class='ocrx_word' id='word_1_1' title='bbox 1016 147 1062 184; x_wconf 91' lang='lat'>10</span> 
     </span>
    </p>
   </div>
   <div class='ocr_carea' id='block_1_2' title="bbox 272 264 1794 849">
    <p class='ocr_par' dir='ltr' id='par_1_2' title="bbox 272 264 1794 849">
     <span class='ocr_line' id='line_1_2' title="bbox 276 264 1794 316; baseline 0.001 -14"><span class='ocrx_word' id='word_1_2' title='bbox 276 264 318 302; x_wconf 92' lang='lat' dir='ltr'>in</span> <span class='ocrx_word' id='word_1_3' title='bbox 347 276 532 303; x_wconf 89' lang='lat' dir='ltr'>versuum</span> <span class='ocrx_word' id='word_1_4' title='bbox 562 264 916 316; x_wconf 64' lang='lat' dir='ltr'>distributionem,&gt;</span> <span class='ocrx_word' id='word_1_5' title='bbox 933 264 1062 315; x_wconf 88' lang='lat' dir='ltr'>qualis</span> <span class='ocrx_word' id='word_1_6' title='bbox 1090 265 1130 303; x_wconf 91' lang='lat' dir='ltr'>in</span> <span class='ocrx_word' id='word_1_7' title='bbox 1155 265 1224 304; x_wconf 90' lang='lat' dir='ltr'>illo</span> <span class='ocrx_word' id='word_1_8' title='bbox 1241 265 1447 315; x_wconf 90' lang='lat' dir='ltr'>colloquio</span> <span class='ocrx_word' id='word_1_9' title='bbox 1467 264 1794 315; x_wconf 59' lang='lat' dir='ltr'>deprehenditur.</span> 
     </span>
     <span class='ocr_line' id='line_1_3' title="bbox 275 330 1792 382; baseline 0 -12"><span class='ocrx_word' id='word_1_10' title='bbox 275 331 448 370; x_wconf 81' lang='lat' dir='ltr'>Difficile</span> <span class='ocrx_word' id='word_1_11' title='bbox 478 331 587 370; x_wconf 91' lang='lat' dir='ltr'>enim</span> <span class='ocrx_word' id='word_1_12' title='bbox 617 338 682 370; x_wconf 90' lang='lat' dir='ltr'>est</span> <span class='ocrx_word' id='word_1_13' title='bbox 713 331 879 370; x_wconf 84' lang='lat' dir='ltr'>fortuita</span> <span class='ocrx_word' id='word_1_14' title='bbox 908 331 1138 371; x_wconf 84' lang='lat' dir='ltr'>existimare</span> <span class='ocrx_word' id='word_1_15' title='bbox 1173 344 1279 382; x_wconf 91' lang='lat' dir='ltr'>quae</span> <span class='ocrx_word' id='word_1_16' title='bbox 1316 338 1397 371; x_wconf 87' lang='lat' dir='ltr'>tam</span> <span class='ocrx_word' id='word_1_17' title='bbox 1434 330 1651 371; x_wconf 76' lang='lat' dir='ltr'>manifesta</span> <span class='ocrx_word' id='word_1_18' title='bbox 1687 337 1792 371; x_wconf 90' lang='lat' dir='ltr'>sunt.</span> 
     </span>
     <span class='ocr_line' id='line_1_4' title="bbox 275 395 1792 450; baseline -0.001 -13"><span class='ocrx_word' id='word_1_19' title='bbox 275 399 398 438; x_wconf 86' lang='lat' dir='ltr'>Serva</span> <span class='ocrx_word' id='word_1_20' title='bbox 427 399 546 448; x_wconf 89' lang='lat' dir='ltr'>igitur</span> <span class='ocrx_word' id='word_1_21' title='bbox 573 398 730 437; x_wconf 88' lang='lat' dir='ltr'>initium</span> <span class='ocrx_word' id='word_1_22' title='bbox 765 395 986 437; x_wconf 78' lang='lat' dir='ltr'>facitocto</span> <span class='ocrx_word' id='word_1_23' title='bbox 1016 398 1211 450; x_wconf 81' lang='lat' dir='ltr'>versibus,</span> <span class='ocrx_word' id='word_1_24' title='bbox 1239 399 1462 450; x_wconf 85' lang='lat' dir='ltr'>respondet</span> <span class='ocrx_word' id='word_1_25' title='bbox 1493 398 1617 437; x_wconf 90' lang='lat' dir='ltr'>tribus</span> <span class='ocrx_word' id='word_1_26' title='bbox 1633 396 1792 436; x_wconf 86' lang='lat' dir='ltr'>Andro-</span> 
     </span>
     <span class='ocr_line' id='line_1_5' title="bbox 273 461 1793 516; baseline -0.001 -12"><span class='ocrx_word' id='word_1_27' title='bbox 273 462 458 505; x_wconf 79' lang='lat' dir='ltr'>machal.</span> <span class='ocrx_word' id='word_1_28' title='bbox 516 464 621 503; x_wconf 90' lang='lat' dir='ltr'>Tum</span> <span class='ocrx_word' id='word_1_29' title='bbox 651 471 731 504; x_wconf 86' lang='lat' dir='ltr'>tres</span> <span class='ocrx_word' id='word_1_30' title='bbox 751 464 921 505; x_wconf 89' lang='lat' dir='ltr'>ancillae</span> <span class='ocrx_word' id='word_1_31' title='bbox 945 461 1083 505; x_wconf 79' lang='lat' dir='ltr'>versus</span> <span class='ocrx_word' id='word_1_32' title='bbox 1104 462 1190 516; x_wconf 87' lang='lat'>(68,</span> <span class='ocrx_word' id='word_1_33' title='bbox 1208 468 1275 516; x_wconf 87' lang='grc'>69,</span> <span class='ocrx_word' id='word_1_34' title='bbox 1294 464 1362 516; x_wconf 85' lang='grc'>73)</span> <span class='ocrx_word' id='word_1_35' title='bbox 1383 466 1467 504; x_wconf 91' lang='lat' dir='ltr'>duo</span> <span class='ocrx_word' id='word_1_36' title='bbox 1482 465 1793 504; x_wconf 82' lang='lat' dir='ltr'>Andromachae</span> 
     </span>
     <span class='ocr_line' id='line_1_6' title="bbox 273 531 1792 583; baseline 0.001 -14"><span class='ocrx_word' id='word_1_37' title='bbox 273 532 493 582; x_wconf 89' lang='lat' dir='ltr'>excipiunt,</span> <span class='ocrx_word' id='word_1_38' title='bbox 536 531 613 569; x_wconf 92' lang='lat' dir='ltr'>hos</span> <span class='ocrx_word' id='word_1_39' title='bbox 653 543 757 570; x_wconf 91' lang='lat' dir='ltr'>unus</span> <span class='ocrx_word' id='word_1_40' title='bbox 798 543 950 571; x_wconf 87' lang='lat' dir='ltr'>servae.</span> <span class='ocrx_word' id='word_1_41' title='bbox 1006 531 1093 570; x_wconf 83' lang='lat' dir='ltr'>Iam</span> <span class='ocrx_word' id='word_1_42' title='bbox 1129 532 1322 571; x_wconf 90' lang='lat' dir='ltr'>evertitur</span> <span class='ocrx_word' id='word_1_43' title='bbox 1355 543 1619 583; x_wconf 88' lang='lat' dir='ltr'>personarum</span> <span class='ocrx_word' id='word_1_44' title='bbox 1648 531 1792 582; x_wconf 78' lang='lat' dir='ltr'>series3</span> 
     </span>
     <span class='ocr_line' id='line_1_7' title="bbox 273 596 1791 648; baseline -0.001 -11"><span class='ocrx_word' id='word_1_45' title='bbox 273 605 354 637; x_wconf 87' lang='lat' dir='ltr'>tres</span> <span class='ocrx_word' id='word_1_46' title='bbox 391 598 499 636; x_wconf 84' lang='lat' dir='ltr'>enirn</span> <span class='ocrx_word' id='word_1_47' title='bbox 537 598 850 637; x_wconf 79' lang='lat' dir='ltr'>Andromachae</span> <span class='ocrx_word' id='word_1_48' title='bbox 890 598 1057 636; x_wconf 84' lang='lat' dir='ltr'>trimetri</span> <span class='ocrx_word' id='word_1_49' title='bbox 1087 598 1238 636; x_wconf 88' lang='lat' dir='ltr'>dantur</span> <span class='ocrx_word' id='word_1_50' title='bbox 1275 596 1490 648; x_wconf 80' lang='lat'>(74—76),</span> <span class='ocrx_word' id='word_1_51' title='bbox 1533 598 1617 637; x_wconf 90' lang='lat' dir='ltr'>duo</span> <span class='ocrx_word' id='word_1_52' title='bbox 1649 610 1791 637; x_wconf 87' lang='lat' dir='ltr'>servae</span> 
     </span>
     <span class='ocr_line' id='line_1_8' title="bbox 272 662 1792 717; baseline 0 -14"><span class='ocrx_word' id='word_1_53' title='bbox 272 662 358 715; x_wconf 85' lang='grc'><strong>(77,</strong></span> <span class='ocrx_word' id='word_1_54' title='bbox 389 662 472 714; x_wconf 88' lang='grc'><strong>78),</strong></span> <span class='ocrx_word' id='word_1_55' title='bbox 516 676 618 703; x_wconf 86' lang='lat' dir='ltr'>unus</span> <span class='ocrx_word' id='word_1_56' title='bbox 650 665 976 705; x_wconf 86' lang='lat' dir='ltr'>Andromachae.</span> <span class='ocrx_word' id='word_1_57' title='bbox 1050 664 1241 716; x_wconf 86' lang='lat' dir='ltr'>Sequitur</span> <span class='ocrx_word' id='word_1_58' title='bbox 1281 665 1564 717; x_wconf 89' lang='lat' dir='ltr'>stichomythia</span> <span class='ocrx_word' id='word_1_59' title='bbox 1604 676 1792 704; x_wconf 88' lang='lat' dir='ltr'>versuum</span> 
     </span>
     <span class='ocr_line' id='line_1_9' title="bbox 272 731 1788 783; baseline 0 -14"><span class='ocrx_word' id='word_1_60' title='bbox 272 737 575 781; x_wconf 65' lang='lat' dir='ltr'>quaternorum</span> <span class='ocrx_word' id='word_1_61' title='bbox 625 732 803 782; x_wconf 89' lang='lat' dir='ltr'>denique</span> <span class='ocrx_word' id='word_1_62' title='bbox 847 731 992 770; x_wconf 89' lang='lat' dir='ltr'>ancilla</span> <span class='ocrx_word' id='word_1_63' title='bbox 1033 732 1269 783; x_wconf 85' lang='lat' dir='ltr'>priusquam</span> <span class='ocrx_word' id='word_1_64' title='bbox 1312 733 1365 771; x_wconf 90' lang='lat' dir='ltr'>de</span> <span class='ocrx_word' id='word_1_65' title='bbox 1407 744 1557 771; x_wconf 89' lang='lat' dir='ltr'>scaena</span> <span class='ocrx_word' id='word_1_66' title='bbox 1596 732 1788 783; x_wconf 89' lang='lat' dir='ltr'>decedat,</span> 
     </span>
     <span class='ocr_line' id='line_1_10' title="bbox 272 797 1075 849; baseline 0.005 -14"><span class='ocrx_word' id='word_1_67' title='bbox 272 797 400 837; x_wconf 87' lang='lat' dir='ltr'>tribus</span> <span class='ocrx_word' id='word_1_68' title='bbox 435 804 610 849; x_wconf 87' lang='lat' dir='ltr'>perorat.</span> <span class='ocrx_word' id='word_1_69' title='bbox 669 798 732 838; x_wconf 89' lang='lat' dir='ltr'>En</span> <span class='ocrx_word' id='word_1_70' title='bbox 763 798 836 837; x_wconf 86' lang='lat' dir='ltr'>tibi</span> <span class='ocrx_word' id='word_1_71' title='bbox 865 808 1075 839; x_wconf 88' lang='lat' dir='ltr'>numeros:</span> 
     </span>
    </p>
   </div>
   <div class='ocr_carea' id='block_1_3' title="bbox 684 877 1378 999">
    <p class='ocr_par' dir='ltr' id='par_1_3' title="bbox 684 877 1378 999">
     <span class='ocr_line' id='line_1_11' title="bbox 723 877 1338 924; baseline -0.002 0"><span class='ocrx_word' id='word_1_72' title='bbox 723 877 1338 924; x_wconf 36' lang='lat' dir='ltr'>f—-N</span> 
     </span>
     <span class='ocr_line' id='line_1_12' title="bbox 684 936 1378 999; baseline 0 -1"><span class='ocrx_word' id='word_1_73' title='bbox 684 936 750 998; x_wconf 61' lang='grc' dir='ltr'>ἓῗι</span> <span class='ocrx_word' id='word_1_74' title='bbox 835 961 937 999; x_wconf 85' lang='lat'>321</span> <span class='ocrx_word' id='word_1_75' title='bbox 1116 961 1219 998; x_wconf 86' lang='lat'>321</span> <span class='ocrx_word' id='word_1_76' title='bbox 1308 937 1378 999; x_wconf 62' lang='grc' dir='ltr'>ἔξ</span> 
     </span>
    </p>
   </div>
   <div class='ocr_carea' id='block_1_4' title="bbox 266 1031 1792 2478">
    <p class='ocr_par' dir='ltr' id='par_1_4' title="bbox 272 1031 1792 1282">
     <span class='ocr_line' id='line_1_13' title="bbox 272 1031 1790 1081; baseline 0 -12"><span class='ocrx_word' id='word_1_77' title='bbox 272 1032 354 1070; x_wconf 90' lang='lat' dir='ltr'>Sed</span> <span class='ocrx_word' id='word_1_78' title='bbox 396 1031 499 1070; x_wconf 89' lang='lat' dir='ltr'>haec</span> <span class='ocrx_word' id='word_1_79' title='bbox 535 1032 743 1070; x_wconf 85' lang='lat' dir='ltr'>hactenus.</span> <span class='ocrx_word' id='word_1_80' title='bbox 803 1031 988 1071; x_wconf 85' lang='lat' dir='ltr'>Transeo</span> <span class='ocrx_word' id='word_1_81' title='bbox 1022 1032 1076 1071; x_wconf 90' lang='lat' dir='ltr'>ad</span> <span class='ocrx_word' id='word_1_82' title='bbox 1113 1044 1251 1070; x_wconf 89' lang='lat' dir='ltr'>versus</span> <span class='ocrx_word' id='word_1_83' title='bbox 1282 1032 1466 1070; x_wconf 87' lang='lat' dir='ltr'>Helenae</span> <span class='ocrx_word' id='word_1_84' title='bbox 1496 1033 1547 1070; x_wconf 84' lang='grc'>78</span> <span class='ocrx_word' id='word_1_85' title='bbox 1570 1044 1629 1081; x_wconf 92' lang='lat' dir='ltr'>sq.</span> <span class='ocrx_word' id='word_1_86' title='bbox 1661 1031 1790 1079; x_wconf 73' lang='lat' dir='ltr'>simili,</span> 
     </span>
     <span class='ocr_line' id='line_1_14' title="bbox 274 1097 1789 1148; baseline -0.001 -13"><span class='ocrx_word' id='word_1_87' title='bbox 274 1104 318 1135; x_wconf 93' lang='lat' dir='ltr'>ut</span> <span class='ocrx_word' id='word_1_88' title='bbox 348 1098 507 1148; x_wconf 85' lang='lat' dir='ltr'>opinor,</span> <span class='ocrx_word' id='word_1_89' title='bbox 539 1098 629 1136; x_wconf 88' lang='lat' dir='ltr'>labe</span> <span class='ocrx_word' id='word_1_90' title='bbox 647 1097 835 1135; x_wconf 79' lang='lat' dir='ltr'>infectos.</span> <span class='ocrx_word' id='word_1_91' title='bbox 892 1098 952 1135; x_wconf 90' lang='lat' dir='ltr'>Ibi</span> <span class='ocrx_word' id='word_1_92' title='bbox 974 1109 1067 1136; x_wconf 90' lang='lat' dir='ltr'>cum</span> <span class='ocrx_word' id='word_1_93' title='bbox 1084 1097 1246 1136; x_wconf 90' lang='lat' dir='ltr'>Teucer</span> <span class='ocrx_word' id='word_1_94' title='bbox 1264 1098 1397 1137; x_wconf 91' lang='lat' dir='ltr'>subito</span> <span class='ocrx_word' id='word_1_95' title='bbox 1417 1098 1601 1135; x_wconf 84' lang='lat' dir='ltr'>Helenae</span> <span class='ocrx_word' id='word_1_96' title='bbox 1622 1103 1789 1147; x_wconf 87' lang='lat' dir='ltr'>aspectu</span> 
     </span>
     <span class='ocr_line' id='line_1_15' title="bbox 276 1164 1792 1215; baseline -0.001 -12"><span class='ocrx_word' id='word_1_97' title='bbox 276 1165 390 1214; x_wconf 90' lang='lat' dir='ltr'>quasi</span> <span class='ocrx_word' id='word_1_98' title='bbox 419 1176 639 1214; x_wconf 89' lang='lat' dir='ltr'>oppressus</span> <span class='ocrx_word' id='word_1_99' title='bbox 669 1165 791 1202; x_wconf 89' lang='lat' dir='ltr'>verba</span> <span class='ocrx_word' id='word_1_100' title='bbox 818 1165 899 1203; x_wconf 92' lang='lat' dir='ltr'>irae</span> <span class='ocrx_word' id='word_1_101' title='bbox 927 1165 1209 1214; x_wconf 89' lang='lat' dir='ltr'>minarumque</span> <span class='ocrx_word' id='word_1_102' title='bbox 1237 1165 1359 1215; x_wconf 90' lang='lat' dir='ltr'>plena</span> <span class='ocrx_word' id='word_1_103' title='bbox 1387 1165 1608 1209; x_wconf 85' lang='lat' dir='ltr'>effudisset,</span> <span class='ocrx_word' id='word_1_104' title='bbox 1632 1164 1698 1202; x_wconf 91' lang='lat' dir='ltr'>illa</span> <span class='ocrx_word' id='word_1_105' title='bbox 1719 1164 1792 1201; x_wconf 89' lang='lat' dir='ltr'>mi-</span> 
     </span>
     <span class='ocr_line' id='line_1_16' title="bbox 273 1231 866 1282; baseline 0.005 -15"><span class='ocrx_word' id='word_1_106' title='bbox 273 1231 461 1268; x_wconf 87' lang='lat' dir='ltr'>rabunda</span> <span class='ocrx_word' id='word_1_107' title='bbox 490 1242 686 1281; x_wconf 88' lang='lat' dir='ltr'>quaerere</span> <span class='ocrx_word' id='word_1_108' title='bbox 714 1232 866 1282; x_wconf 89' lang='lat' dir='ltr'>coepit:</span> 
     </span>
    </p>

    <p class='ocr_par' dir='ltr' id='par_1_5' title="bbox 471 1294 1558 1349">
     <span class='ocr_line' id='line_1_17' title="bbox 471 1294 1558 1349; baseline 0.001 -11"><span class='ocrx_word' id='word_1_109' title='bbox 471 1296 509 1338; x_wconf 88' lang='grc' dir='ltr'>τί</span> <span class='ocrx_word' id='word_1_110' title='bbox 539 1295 588 1347; x_wconf 83' lang='grc' dir='ltr'>δ’,</span> <span class='ocrx_word' id='word_1_111' title='bbox 618 1294 654 1338; x_wconf 87' lang='grc' dir='ltr'>ὦ</span> <span class='ocrx_word' id='word_1_112' title='bbox 685 1295 930 1348; x_wconf 84' lang='grc' dir='ltr'>ταλαίπωρ’,</span> <span class='ocrx_word' id='word_1_113' title='bbox 960 1295 1083 1347; x_wconf 88' lang='grc' dir='ltr'>ὅστις</span> <span class='ocrx_word' id='word_1_114' title='bbox 1112 1295 1174 1339; x_wconf 85' lang='grc' dir='ltr'>ὤν</span> <span class='ocrx_word' id='word_1_115' title='bbox 1203 1295 1243 1348; x_wconf 84' lang='grc' dir='ltr'>μ’</span> <span class='ocrx_word' id='word_1_116' title='bbox 1275 1296 1558 1349; x_wconf 87' lang='grc' dir='ltr'>ἀπεστράφης</span> 
     </span>
    </p>

    <p class='ocr_par' dir='ltr' id='par_1_6' title="bbox 267 1361 1792 2146">
     <span class='ocr_line' id='line_1_18' title="bbox 471 1361 1511 1415; baseline 0.003 -13"><span class='ocrx_word' id='word_1_117' title='bbox 471 1361 542 1403; x_wconf 85' lang='grc' dir='ltr'>καὶ</span> <span class='ocrx_word' id='word_1_118' title='bbox 570 1364 663 1415; x_wconf 89' lang='grc' dir='ltr'>ταῖς</span> <span class='ocrx_word' id='word_1_119' title='bbox 694 1361 860 1415; x_wconf 82' lang='grc' dir='ltr'>ἐκείνης</span> <span class='ocrx_word' id='word_1_120' title='bbox 889 1364 1135 1415; x_wconf 85' lang='grc' dir='ltr'>συμφοραῖς</span> <span class='ocrx_word' id='word_1_121' title='bbox 1166 1363 1240 1415; x_wconf 79' lang='grc' dir='ltr'>ἐμὲ</span> <span class='ocrx_word' id='word_1_122' title='bbox 1267 1364 1463 1415; x_wconf 87' lang='grc' dir='ltr'>στυγεῑς;</span> <span class='ocrx_word' id='word_1_123' title='bbox 1509 1371 1511 1373; x_wconf 73' lang='grc'><strong><em>’</em></strong></span> 
     </span>
     <span class='ocr_line' id='line_1_19' title="bbox 274 1430 1792 1483; baseline 0.001 -14"><span class='ocrx_word' id='word_1_124' title='bbox 274 1443 376 1480; x_wconf 90' lang='lat' dir='ltr'>quos</span> <span class='ocrx_word' id='word_1_125' title='bbox 406 1444 543 1470; x_wconf 92' lang='lat' dir='ltr'>versus</span> <span class='ocrx_word' id='word_1_126' title='bbox 573 1432 814 1483; x_wconf 88' lang='lat' dir='ltr'>quicumque</span> <span class='ocrx_word' id='word_1_127' title='bbox 853 1438 1010 1470; x_wconf 89' lang='lat' dir='ltr'>attente</span> <span class='ocrx_word' id='word_1_128' title='bbox 1047 1432 1158 1482; x_wconf 88' lang='lat' dir='ltr'>legit,</span> <span class='ocrx_word' id='word_1_129' title='bbox 1202 1432 1243 1470; x_wconf 89' lang='lat' dir='ltr'>in</span> <span class='ocrx_word' id='word_1_130' title='bbox 1282 1430 1352 1472; x_wconf 87' lang='grc' dir='ltr'>καί</span> <span class='ocrx_word' id='word_1_131' title='bbox 1390 1433 1586 1483; x_wconf 87' lang='lat' dir='ltr'>particula</span> <span class='ocrx_word' id='word_1_132' title='bbox 1624 1433 1792 1471; x_wconf 88' lang='lat' dir='ltr'>haereat</span> 
     </span>
     <span class='ocr_line' id='line_1_20' title="bbox 273 1498 1791 1549; baseline 0.001 -14"><span class='ocrx_word' id='word_1_133' title='bbox 273 1509 444 1536; x_wconf 90' lang='lat' dir='ltr'>necesse</span> <span class='ocrx_word' id='word_1_134' title='bbox 474 1503 547 1536; x_wconf 91' lang='lat' dir='ltr'>est.</span> <span class='ocrx_word' id='word_1_135' title='bbox 605 1499 711 1537; x_wconf 89' lang='lat' dir='ltr'>Inde</span> <span class='ocrx_word' id='word_1_136' title='bbox 743 1504 785 1537; x_wconf 89' lang='lat' dir='ltr'>et</span> <span class='ocrx_word' id='word_1_137' title='bbox 814 1498 1146 1537; x_wconf 86' lang='lat' dir='ltr'>emendationum</span> <span class='ocrx_word' id='word_1_138' title='bbox 1175 1498 1392 1537; x_wconf 85' lang='lat' dir='ltr'>multitudo</span> <span class='ocrx_word' id='word_1_139' title='bbox 1422 1504 1465 1536; x_wconf 90' lang='lat' dir='ltr'>et</span> <span class='ocrx_word' id='word_1_140' title='bbox 1499 1498 1791 1549; x_wconf 85' lang='lat' dir='ltr'>interpretandi</span> 
     </span>
     <span class='ocr_line' id='line_1_21' title="bbox 273 1563 1787 1613; baseline 0.001 -12"><span class='ocrx_word' id='word_1_141' title='bbox 273 1565 476 1602; x_wconf 87' lang='lat' dir='ltr'>laudabile</span> <span class='ocrx_word' id='word_1_142' title='bbox 505 1566 696 1603; x_wconf 88' lang='lat' dir='ltr'>studium.</span> <span class='ocrx_word' id='word_1_143' title='bbox 765 1565 930 1602; x_wconf 85' lang='lat' dir='ltr'>Exstitit</span> <span class='ocrx_word' id='word_1_144' title='bbox 959 1577 1139 1602; x_wconf 86' lang='lat' dir='ltr'>summus</span> <span class='ocrx_word' id='word_1_145' title='bbox 1169 1565 1225 1601; x_wconf 91' lang='lat' dir='ltr'>vir</span> <span class='ocrx_word' id='word_1_146' title='bbox 1255 1566 1306 1604; x_wconf 87' lang='lat' dir='ltr'>G.</span> <span class='ocrx_word' id='word_1_147' title='bbox 1335 1565 1593 1602; x_wconf 90' lang='lat' dir='ltr'>Hermannus</span> <span class='ocrx_word' id='word_1_148' title='bbox 1622 1566 1690 1613; x_wconf 91' lang='lat' dir='ltr'>qui</span> <span class='ocrx_word' id='word_1_149' title='bbox 1719 1563 1787 1603; x_wconf 84' lang='grc' dir='ltr'>καί</span> 
     </span>
     <span class='ocr_line' id='line_1_22' title="bbox 270 1626 1790 1681; baseline 0.001 -14"><span class='ocrx_word' id='word_1_150' title='bbox 270 1630 548 1680; x_wconf 87' lang='lat' dir='ltr'>exaggerandi</span> <span class='ocrx_word' id='word_1_151' title='bbox 590 1630 668 1669; x_wconf 90' lang='lat' dir='ltr'>vim</span> <span class='ocrx_word' id='word_1_152' title='bbox 704 1629 854 1669; x_wconf 88' lang='lat' dir='ltr'>habere</span> <span class='ocrx_word' id='word_1_153' title='bbox 889 1636 931 1670; x_wconf 91' lang='lat' dir='ltr'>et</span> <span class='ocrx_word' id='word_1_154' title='bbox 966 1630 1020 1669; x_wconf 89' lang='lat' dir='ltr'>ad</span> <span class='ocrx_word' id='word_1_155' title='bbox 1055 1626 1129 1680; x_wconf 83' lang='grc' dir='ltr'>ἐμέ</span> <span class='ocrx_word' id='word_1_156' title='bbox 1166 1630 1369 1681; x_wconf 86' lang='lat' dir='ltr'>pertinere</span> <span class='ocrx_word' id='word_1_157' title='bbox 1407 1630 1582 1678; x_wconf 78' lang='lat' dir='ltr'>iuberet3</span> <span class='ocrx_word' id='word_1_158' title='bbox 1631 1630 1695 1669; x_wconf 91' lang='lat' dir='ltr'>cui</span> <span class='ocrx_word' id='word_1_159' title='bbox 1738 1643 1790 1669; x_wconf 89' lang='lat' dir='ltr'>ne</span> 
     </span>
     <span class='ocr_line' id='line_1_23' title="bbox 271 1698 1784 1747; baseline 0.001 -13"><span class='ocrx_word' id='word_1_160' title='bbox 271 1698 454 1736; x_wconf 85' lang='lat' dir='ltr'>Klotzius</span> <span class='ocrx_word' id='word_1_161' title='bbox 490 1699 656 1747; x_wconf 88' lang='lat' dir='ltr'>quidem</span> <span class='ocrx_word' id='word_1_162' title='bbox 686 1699 859 1736; x_wconf 90' lang='lat' dir='ltr'>credidit</span> <span class='ocrx_word' id='word_1_163' title='bbox 888 1710 938 1735; x_wconf 89' lang='lat' dir='ltr'>ac</span> <span class='ocrx_word' id='word_1_164' title='bbox 968 1711 1043 1736; x_wconf 90' lang='lat' dir='ltr'>suo</span> <span class='ocrx_word' id='word_1_165' title='bbox 1074 1698 1238 1747; x_wconf 91' lang='lat' dir='ltr'>quidem</span> <span class='ocrx_word' id='word_1_166' title='bbox 1273 1699 1370 1737; x_wconf 90' lang='lat' dir='ltr'>iure.</span> <span class='ocrx_word' id='word_1_167' title='bbox 1429 1698 1642 1747; x_wconf 88' lang='lat' dir='ltr'>Euripides</span> <span class='ocrx_word' id='word_1_168' title='bbox 1678 1698 1784 1735; x_wconf 89' lang='lat' dir='ltr'>enim</span> 
     </span>
     <span class='ocr_line' id='line_1_24' title="bbox 270 1761 1782 1816; baseline -0.001 -15"><span class='ocrx_word' id='word_1_169' title='bbox 270 1764 316 1812; x_wconf 90' lang='lat' dir='ltr'>si,</span> <span class='ocrx_word' id='word_1_170' title='bbox 357 1765 471 1815; x_wconf 89' lang='lat' dir='ltr'>quod</span> <span class='ocrx_word' id='word_1_171' title='bbox 496 1765 637 1814; x_wconf 89' lang='lat' dir='ltr'>negari</span> <span class='ocrx_word' id='word_1_172' title='bbox 668 1765 822 1816; x_wconf 84' lang='lat' dir='ltr'>nequit,</span> <span class='ocrx_word' id='word_1_173' title='bbox 867 1776 951 1802; x_wconf 91' lang='lat' dir='ltr'>non</span> <span class='ocrx_word' id='word_1_174' title='bbox 980 1775 1200 1813; x_wconf 89' lang='lat' dir='ltr'>numquam</span> <span class='ocrx_word' id='word_1_175' title='bbox 1229 1764 1271 1802; x_wconf 90' lang='lat' dir='ltr'>in</span> <span class='ocrx_word' id='word_1_176' title='bbox 1300 1761 1370 1804; x_wconf 88' lang='grc' dir='ltr'>καί</span> <span class='ocrx_word' id='word_1_177' title='bbox 1399 1763 1638 1802; x_wconf 90' lang='lat' dir='ltr'>collocando</span> <span class='ocrx_word' id='word_1_178' title='bbox 1669 1763 1782 1801; x_wconf 87' lang='lat' dir='ltr'>liber-</span> 
     </span>
     <span class='ocr_line' id='line_1_25' title="bbox 269 1828 1784 1880; baseline -0.001 -12"><span class='ocrx_word' id='word_1_179' title='bbox 269 1828 386 1868; x_wconf 84' lang='lat' dir='ltr'>tate2</span> <span class='ocrx_word' id='word_1_180' title='bbox 415 1831 593 1880; x_wconf 91' lang='lat' dir='ltr'>quadam</span> <span class='ocrx_word' id='word_1_181' title='bbox 622 1842 718 1868; x_wconf 87' lang='lat' dir='ltr'>usus</span> <span class='ocrx_word' id='word_1_182' title='bbox 748 1836 826 1875; x_wconf 90' lang='lat' dir='ltr'>est,</span> <span class='ocrx_word' id='word_1_183' title='bbox 855 1841 1053 1880; x_wconf 90' lang='lat' dir='ltr'>nusquam</span> <span class='ocrx_word' id='word_1_184' title='bbox 1080 1835 1194 1868; x_wconf 88' lang='lat' dir='ltr'>tanto</span> <span class='ocrx_word' id='word_1_185' title='bbox 1220 1829 1431 1868; x_wconf 87' lang='lat' dir='ltr'>intervallo</span> <span class='ocrx_word' id='word_1_186' title='bbox 1450 1841 1585 1879; x_wconf 90' lang='lat' dir='ltr'>neque</span> <span class='ocrx_word' id='word_1_187' title='bbox 1613 1830 1670 1868; x_wconf 89' lang='lat' dir='ltr'>ita</span> <span class='ocrx_word' id='word_1_188' title='bbox 1694 1842 1784 1880; x_wconf 88' lang='lat' dir='ltr'>par—</span> 
     </span>
     <span class='ocr_line' id='line_1_26' title="bbox 269 1895 1788 1946; baseline -0.001 -13"><span class='ocrx_word' id='word_1_189' title='bbox 269 1896 431 1934; x_wconf 87' lang='lat' dir='ltr'>ticulam</span> <span class='ocrx_word' id='word_1_190' title='bbox 461 1897 685 1946; x_wconf 88' lang='lat' dir='ltr'>constituit,</span> <span class='ocrx_word' id='word_1_191' title='bbox 730 1903 785 1945; x_wconf 87' lang='lat' dir='ltr'>ut,</span> <span class='ocrx_word' id='word_1_192' title='bbox 829 1902 961 1934; x_wconf 91' lang='lat' dir='ltr'>utrum</span> <span class='ocrx_word' id='word_1_193' title='bbox 991 1897 1028 1933; x_wconf 94' lang='lat' dir='ltr'>vi</span> <span class='ocrx_word' id='word_1_194' title='bbox 1054 1896 1239 1934; x_wconf 74' lang='lat' dir='ltr'>vadverbii</span> <span class='ocrx_word' id='word_1_195' title='bbox 1278 1909 1330 1933; x_wconf 89' lang='lat' dir='ltr'>an</span> <span class='ocrx_word' id='word_1_196' title='bbox 1360 1895 1532 1945; x_wconf 91' lang='lat' dir='ltr'>copulae</span> <span class='ocrx_word' id='word_1_197' title='bbox 1562 1900 1701 1940; x_wconf 87' lang='lat' dir='ltr'>staret,</span> <span class='ocrx_word' id='word_1_198' title='bbox 1746 1896 1788 1933; x_wconf 90' lang='lat' dir='ltr'>in</span> 
     </span>
     <span class='ocr_line' id='line_1_27' title="bbox 268 1960 1786 2014; baseline -0.001 -13"><span class='ocrx_word' id='word_1_199' title='bbox 268 1963 433 2001; x_wconf 87' lang='lat' dir='ltr'>occulto</span> <span class='ocrx_word' id='word_1_200' title='bbox 463 1962 762 2014; x_wconf 88' lang='lat' dir='ltr'>relinqueretur.</span> <span class='ocrx_word' id='word_1_201' title='bbox 823 1962 935 2011; x_wconf 88' lang='lat' dir='ltr'>Quid</span> <span class='ocrx_word' id='word_1_202' title='bbox 963 1963 1084 2013; x_wconf 86' lang='lat' dir='ltr'>igitur</span> <span class='ocrx_word' id='word_1_203' title='bbox 1111 1960 1320 2001; x_wconf 78' lang='lat' dir='ltr'>Klotzius?</span> <span class='ocrx_word' id='word_1_204' title='bbox 1368 1962 1564 2001; x_wconf 85' lang='lat' dir='ltr'>Mathiaei</span> <span class='ocrx_word' id='word_1_205' title='bbox 1593 1963 1786 2014; x_wconf 89' lang='lat' dir='ltr'>interpre-</span> 
     </span>
     <span class='ocr_line' id='line_1_28' title="bbox 267 2029 1787 2080; baseline -0.001 -14"><span class='ocrx_word' id='word_1_206' title='bbox 267 2031 464 2068; x_wconf 87' lang='lat' dir='ltr'>tationem</span> <span class='ocrx_word' id='word_1_207' title='bbox 504 2030 713 2079; x_wconf 88' lang='lat' dir='ltr'>amplexus</span> <span class='ocrx_word' id='word_1_208' title='bbox 752 2041 803 2067; x_wconf 87' lang='lat' dir='ltr'>ca</span> <span class='ocrx_word' id='word_1_209' title='bbox 847 2030 1004 2068; x_wconf 86' lang='lat' dir='ltr'>ratione</span> <span class='ocrx_word' id='word_1_210' title='bbox 1049 2041 1208 2067; x_wconf 88' lang='lat' dir='ltr'>versum</span> <span class='ocrx_word' id='word_1_211' title='bbox 1252 2029 1427 2080; x_wconf 90' lang='lat' dir='ltr'>priorem</span> <span class='ocrx_word' id='word_1_212' title='bbox 1471 2029 1787 2079; x_wconf 75' lang='lat' dir='ltr'>intellegendum</span> 
     </span>
     <span class='ocr_line' id='line_1_29' title="bbox 268 2096 1296 2146; baseline 0 -12"><span class='ocrx_word' id='word_1_213' title='bbox 268 2108 358 2134; x_wconf 91' lang='lat' dir='ltr'>esse</span> <span class='ocrx_word' id='word_1_214' title='bbox 387 2096 552 2141; x_wconf 87' lang='lat' dir='ltr'>iudicat,</span> <span class='ocrx_word' id='word_1_215' title='bbox 583 2096 698 2146; x_wconf 88' lang='lat' dir='ltr'>quasi</span> <span class='ocrx_word' id='word_1_216' title='bbox 725 2102 865 2146; x_wconf 88' lang='lat' dir='ltr'>poeta,</span> <span class='ocrx_word' id='word_1_217' title='bbox 895 2096 993 2133; x_wconf 91' lang='lat' dir='ltr'>dum</span> <span class='ocrx_word' id='word_1_218' title='bbox 1022 2096 1162 2134; x_wconf 89' lang='lat' dir='ltr'>dicere</span> <span class='ocrx_word' id='word_1_219' title='bbox 1192 2096 1296 2134; x_wconf 90' lang='lat' dir='ltr'>volt:</span> 
     </span>
    </p>

    <p class='ocr_par' dir='ltr' id='par_1_7' title="bbox 266 2157 1789 2345">
     <span class='ocr_line' id='line_1_30' title="bbox 464 2157 1635 2211; baseline -0.001 -10"><span class='ocrx_word' id='word_1_220' title='bbox 464 2160 504 2201; x_wconf 91' lang='grc' dir='ltr'>τί</span> <span class='ocrx_word' id='word_1_221' title='bbox 534 2160 582 2201; x_wconf 85' lang='grc' dir='ltr'>δέ</span> <span class='ocrx_word' id='word_1_222' title='bbox 611 2173 661 2211; x_wconf 89' lang='grc' dir='ltr'>με</span> <span class='ocrx_word' id='word_1_223' title='bbox 692 2158 991 2211; x_wconf 84' lang='grc' dir='ltr'>ἀπεστράφης,</span> <span class='ocrx_word' id='word_1_224' title='bbox 1021 2159 1145 2210; x_wconf 87' lang='grc' dir='ltr'>ὅστις</span> <span class='ocrx_word' id='word_1_225' title='bbox 1174 2159 1235 2201; x_wconf 86' lang='grc' dir='ltr'>ὤν</span> <span class='ocrx_word' id='word_1_226' title='bbox 1265 2157 1305 2210; x_wconf 82' lang='grc' dir='ltr'>μ’</span> <span class='ocrx_word' id='word_1_227' title='bbox 1334 2157 1635 2210; x_wconf 87' lang='grc' dir='ltr'>ἀπεστράφης;</span> 
     </span>
     <span class='ocr_line' id='line_1_31' title="bbox 267 2225 1789 2279; baseline -0.001 -13"><span class='ocrx_word' id='word_1_228' title='bbox 267 2229 461 2278; x_wconf 91' lang='lat' dir='ltr'>loquendi</span> <span class='ocrx_word' id='word_1_229' title='bbox 495 2240 627 2278; x_wconf 89' lang='lat' dir='ltr'>genus</span> <span class='ocrx_word' id='word_1_230' title='bbox 663 2228 792 2279; x_wconf 85' lang='lat' dir='ltr'>magis</span> <span class='ocrx_word' id='word_1_231' title='bbox 832 2228 1038 2267; x_wconf 90' lang='lat' dir='ltr'>concisum</span> <span class='ocrx_word' id='word_1_232' title='bbox 1080 2227 1347 2278; x_wconf 82' lang='lat' dir='ltr'>adoptaverit.</span> <span class='ocrx_word' id='word_1_233' title='bbox 1416 2225 1541 2265; x_wconf 91' lang='lat' dir='ltr'>Cuius</span> <span class='ocrx_word' id='word_1_234' title='bbox 1571 2226 1789 2265; x_wconf 89' lang='lat' dir='ltr'>similitudo</span> 
     </span>
     <span class='ocr_line' id='line_1_32' title="bbox 266 2294 1507 2345; baseline 0.001 -14"><span class='ocrx_word' id='word_1_235' title='bbox 266 2295 418 2344; x_wconf 88' lang='lat' dir='ltr'>petitur</span> <span class='ocrx_word' id='word_1_236' title='bbox 446 2306 471 2331; x_wconf 93' lang='lat' dir='ltr'>a</span> <span class='ocrx_word' id='word_1_237' title='bbox 500 2295 647 2344; x_wconf 91' lang='lat' dir='ltr'>duplici</span> <span class='ocrx_word' id='word_1_238' title='bbox 675 2294 1008 2345; x_wconf 87' lang='lat' dir='ltr'>interrogatione,</span> <span class='ocrx_word' id='word_1_239' title='bbox 1039 2294 1148 2332; x_wconf 89' lang='lat' dir='ltr'>velut</span> <span class='ocrx_word' id='word_1_240' title='bbox 1177 2294 1266 2343; x_wconf 90' lang='lat' dir='ltr'>Iph.</span> <span class='ocrx_word' id='word_1_241' title='bbox 1297 2294 1349 2333; x_wconf 90' lang='lat' dir='ltr'>T.</span> <span class='ocrx_word' id='word_1_242' title='bbox 1383 2295 1507 2332; x_wconf 83' lang='lat'>1360:</span> 
     </span>
    </p>

    <p class='ocr_par' dir='ltr' id='par_1_8' title="bbox 266 2356 1789 2478">
     <span class='ocr_line' id='line_1_33' title="bbox 464 2356 1466 2413; baseline -0.001 -12"><span class='ocrx_word' id='word_1_243' title='bbox 464 2357 583 2410; x_wconf 88' lang='grc' dir='ltr'>τίνος</span> <span class='ocrx_word' id='word_1_244' title='bbox 611 2357 676 2410; x_wconf 87' lang='grc' dir='ltr'>τίς</span> <span class='ocrx_word' id='word_1_245' title='bbox 703 2357 765 2402; x_wconf 85' lang='grc' dir='ltr'>ὢν</span> <span class='ocrx_word' id='word_1_246' title='bbox 794 2358 851 2401; x_wconf 91' lang='grc' dir='ltr'>σὺ</span> <span class='ocrx_word' id='word_1_247' title='bbox 879 2357 996 2410; x_wconf 79' lang='grc' dir='ltr'>τήνδ’</span> <span class='ocrx_word' id='word_1_248' title='bbox 1027 2358 1277 2413; x_wconf 80' lang='grc' dir='ltr'>ἀπεμπολᾷς</span> <span class='ocrx_word' id='word_1_249' title='bbox 1309 2356 1466 2411; x_wconf 77' lang='grc' dir='ltr'>χθόνας</span> 
     </span>
     <span class='ocr_line' id='line_1_34' title="bbox 266 2426 1789 2478; baseline -0.003 -12"><span class='ocrx_word' id='word_1_250' title='bbox 266 2429 388 2478; x_wconf 88' lang='lat' dir='ltr'>longe</span> <span class='ocrx_word' id='word_1_251' title='bbox 430 2427 566 2466; x_wconf 88' lang='lat' dir='ltr'>hercle</span> <span class='ocrx_word' id='word_1_252' title='bbox 608 2427 779 2478; x_wconf 88' lang='lat' dir='ltr'>repetita</span> <span class='ocrx_word' id='word_1_253' title='bbox 819 2427 1039 2465; x_wconf 86' lang='lat' dir='ltr'>similitudo</span> <span class='ocrx_word' id='word_1_254' title='bbox 1082 2433 1124 2465; x_wconf 88' lang='lat' dir='ltr'>et</span> <span class='ocrx_word' id='word_1_255' title='bbox 1164 2433 1327 2467; x_wconf 90' lang='lat' dir='ltr'>temere.</span> <span class='ocrx_word' id='word_1_256' title='bbox 1401 2426 1617 2465; x_wconf 86' lang='lat' dir='ltr'>Praeterea</span> <span class='ocrx_word' id='word_1_257' title='bbox 1661 2426 1789 2463; x_wconf 88' lang='lat' dir='ltr'>nolim</span> 
     </span>
    </p>
   </div>
   <div class='ocr_carea' id='block_1_5' title="bbox 269 2522 534 2529">
    <p class='ocr_par' dir='ltr' id='par_1_9' title="bbox 269 2522 534 2529">
     <span class='ocr_line' id='line_1_35' title="bbox 269 2522 534 2529; baseline 0 0"><span class='ocrx_word' id='word_1_258' title='bbox 269 2522 534 2529; x_wconf 95' lang='lat' dir='ltr'> </span> 
     </span>
    </p>
   </div>
   <div class='ocr_carea' id='block_1_6' title="bbox 264 2573 1791 2915">
    <p class='ocr_par' dir='ltr' id='par_1_10' title="bbox 398 2573 1736 2621">
     <span class='ocr_line' id='line_1_36' title="bbox 398 2573 1736 2621; baseline 0 -12"><span class='ocrx_word' id='word_1_259' title='bbox 398 2574 412 2599; x_wconf 86' lang='lat'>²</span> <span class='ocrx_word' id='word_1_260' title='bbox 436 2581 600 2620; x_wconf 85' lang='lat' dir='ltr'>quattuor</span> <span class='ocrx_word' id='word_1_261' title='bbox 625 2577 817 2609; x_wconf 86' lang='lat' dir='ltr'>secundum</span> <span class='ocrx_word' id='word_1_262' title='bbox 840 2575 968 2621; x_wconf 83' lang='lat' dir='ltr'>libros3</span> <span class='ocrx_word' id='word_1_263' title='bbox 995 2575 1055 2609; x_wconf 89' lang='lat' dir='ltr'>sed</span> <span class='ocrx_word' id='word_1_264' title='bbox 1081 2587 1112 2609; x_wconf 91' lang='lat' dir='ltr'>v.</span> <span class='ocrx_word' id='word_1_265' title='bbox 1140 2576 1196 2611; x_wconf 87' lang='grc'>67.</span> <span class='ocrx_word' id='word_1_266' title='bbox 1221 2581 1313 2609; x_wconf 84' lang='lat' dir='ltr'>recte</span> <span class='ocrx_word' id='word_1_267' title='bbox 1339 2574 1497 2608; x_wconf 85' lang='lat' dir='ltr'>Cobetus</span> <span class='ocrx_word' id='word_1_268' title='bbox 1524 2574 1662 2609; x_wconf 90' lang='lat' dir='ltr'>delevit.</span> <span class='ocrx_word' id='word_1_269' title='bbox 1734 2573 1736 2575; x_wconf 63' lang='grc'><strong>’</strong></span> 
     </span>
    </p>

    <p class='ocr_par' dir='ltr' id='par_1_11' title="bbox 264 2634 1791 2915">
     <span class='ocr_line' id='line_1_37' title="bbox 396 2634 1791 2679; baseline -0.001 -11"><span class='ocrx_word' id='word_1_270' title='bbox 396 2634 413 2658; x_wconf 79' lang='lat'><strong>2</strong></span> <span class='ocrx_word' id='word_1_271' title='bbox 437 2636 543 2669; x_wconf 87' lang='lat' dir='ltr'>verbo</span> <span class='ocrx_word' id='word_1_272' title='bbox 560 2640 696 2679; x_wconf 86' lang='lat' dir='ltr'>tangam</span> <span class='ocrx_word' id='word_1_273' title='bbox 716 2635 938 2677; x_wconf 85' lang='lat' dir='ltr'>negationum</span> <span class='ocrx_word' id='word_1_274' title='bbox 958 2634 1226 2668; x_wconf 81' lang='lat' dir='ltr'>collocationem</span> <span class='ocrx_word' id='word_1_275' title='bbox 1243 2634 1465 2669; x_wconf 87' lang='lat' dir='ltr'>insolentem.</span> <span class='ocrx_word' id='word_1_276' title='bbox 1514 2634 1680 2667; x_wconf 83' lang='lat' dir='ltr'>Certatim</span> <span class='ocrx_word' id='word_1_277' title='bbox 1699 2635 1791 2668; x_wconf 84' lang='lat' dir='ltr'>enim</span> 
     </span>
     <span class='ocr_line' id='line_1_38' title="bbox 264 2692 1785 2738; baseline 0.001 -12"><span class='ocrx_word' id='word_1_278' title='bbox 264 2696 468 2738; x_wconf 87' lang='lat' dir='ltr'>impugnant</span> <span class='ocrx_word' id='word_1_279' title='bbox 491 2696 573 2728; x_wconf 88' lang='lat' dir='ltr'>Eur.</span> <span class='ocrx_word' id='word_1_280' title='bbox 591 2694 724 2728; x_wconf 88' lang='lat' dir='ltr'>Phoen.</span> <span class='ocrx_word' id='word_1_281' title='bbox 750 2694 819 2728; x_wconf 81' lang='lat'>526</span> <span class='ocrx_word' id='word_1_282' title='bbox 845 2694 915 2728; x_wconf 85' lang='grc' dir='ltr'>οὐκ</span> <span class='ocrx_word' id='word_1_283' title='bbox 939 2693 981 2728; x_wconf 84' lang='grc' dir='ltr'>εὖ</span> <span class='ocrx_word' id='word_1_284' title='bbox 1005 2693 1126 2735; x_wconf 81' lang='grc' dir='ltr'>λέγειν</span> <span class='ocrx_word' id='word_1_285' title='bbox 1151 2693 1222 2737; x_wconf 85' lang='grc' dir='ltr'>χρὴ</span> <span class='ocrx_word' id='word_1_286' title='bbox 1246 2694 1296 2736; x_wconf 83' lang='grc' dir='ltr'>μὴ</span> <span class='ocrx_word' id='word_1_287' title='bbox 1322 2692 1377 2727; x_wconf 84' lang='grc' dir='ltr'>’πί</span> <span class='ocrx_word' id='word_1_288' title='bbox 1400 2696 1480 2733; x_wconf 79' lang='grc' dir='ltr'>τοῖς</span> <span class='ocrx_word' id='word_1_289' title='bbox 1504 2693 1626 2735; x_wconf 84' lang='grc' dir='ltr'>ἔργοις</span> <span class='ocrx_word' id='word_1_290' title='bbox 1651 2695 1785 2734; x_wconf 81' lang='grc' dir='ltr'>καλοῖς.</span> 
     </span>
     <span class='ocr_line' id='line_1_39' title="bbox 265 2750 1791 2797; baseline 0.001 -12"><span class='ocrx_word' id='word_1_291' title='bbox 265 2752 427 2786; x_wconf 87' lang='lat' dir='ltr'>Debebat</span> <span class='ocrx_word' id='word_1_292' title='bbox 450 2756 563 2786; x_wconf 88' lang='lat' dir='ltr'>tamen</span> <span class='ocrx_word' id='word_1_293' title='bbox 588 2752 841 2786; x_wconf 88' lang='lat' dir='ltr'>dubitationem</span> <span class='ocrx_word' id='word_1_294' title='bbox 866 2752 993 2786; x_wconf 87' lang='lat' dir='ltr'>inicere</span> <span class='ocrx_word' id='word_1_295' title='bbox 1018 2751 1127 2796; x_wconf 79' lang='lat' dir='ltr'>Soph.</span> <span class='ocrx_word' id='word_1_296' title='bbox 1154 2752 1197 2787; x_wconf 92' lang='lat' dir='ltr'>O.</span> <span class='ocrx_word' id='word_1_297' title='bbox 1222 2753 1271 2787; x_wconf 91' lang='lat' dir='ltr'>R.</span> <span class='ocrx_word' id='word_1_298' title='bbox 1300 2751 1390 2787; x_wconf 81' lang='lat'>1457</span> <span class='ocrx_word' id='word_1_299' title='bbox 1419 2751 1465 2786; x_wconf 83' lang='grc' dir='ltr'>οὐ</span> <span class='ocrx_word' id='word_1_300' title='bbox 1490 2750 1562 2795; x_wconf 82' lang='grc' dir='ltr'>γὰρ</span> <span class='ocrx_word' id='word_1_301' title='bbox 1588 2750 1634 2786; x_wconf 83' lang='grc' dir='ltr'>ἄν</span> <span class='ocrx_word' id='word_1_302' title='bbox 1656 2762 1750 2788; x_wconf 86' lang='grc' dir='ltr'>ποτε</span> <span class='ocrx_word' id='word_1_303' title='bbox 1785 2751 1791 2797; x_wconf 79' lang='grc' dir='ltr'>Ι</span> 
     </span>
     <span class='ocr_line' id='line_1_40' title="bbox 265 2810 1788 2856; baseline 0 -10"><span class='ocrx_word' id='word_1_304' title='bbox 265 2812 441 2856; x_wconf 80' lang='grc' dir='ltr'>θνῄσκων</span> <span class='ocrx_word' id='word_1_305' title='bbox 463 2811 613 2854; x_wconf 82' lang='grc' dir='ltr'>ἐσώθην</span> <span class='ocrx_word' id='word_1_306' title='bbox 638 2811 688 2854; x_wconf 86' lang='grc' dir='ltr'>μὴ</span> <span class='ocrx_word' id='word_1_307' title='bbox 701 2811 766 2846; x_wconf 61' lang='lat' dir='ltr'>v’u’i</span> <span class='ocrx_word' id='word_1_308' title='bbox 789 2822 845 2856; x_wconf 85' lang='grc' dir='ltr'>τῳ</span> <span class='ocrx_word' id='word_1_309' title='bbox 862 2811 973 2856; x_wconf 84' lang='grc' dir='ltr'>δεινῷ</span> <span class='ocrx_word' id='word_1_310' title='bbox 992 2814 1109 2856; x_wconf 83' lang='grc' dir='ltr'>κακῷ.</span> <span class='ocrx_word' id='word_1_311' title='bbox 1158 2811 1376 2845; x_wconf 87' lang='lat' dir='ltr'>Contrarium</span> <span class='ocrx_word' id='word_1_312' title='bbox 1390 2814 1444 2842; x_wconf 84' lang='lat' dir='ltr'>est</span> <span class='ocrx_word' id='word_1_313' title='bbox 1457 2812 1541 2844; x_wconf 88' lang='lat' dir='ltr'>Eur.</span> <span class='ocrx_word' id='word_1_314' title='bbox 1555 2810 1676 2845; x_wconf 86' lang='lat' dir='ltr'>Bacch.</span> <span class='ocrx_word' id='word_1_315' title='bbox 1698 2810 1788 2846; x_wconf 80' lang='lat'>1287</span> 
     </span>
     <span class='ocr_line' id='line_1_41' title="bbox 265 2869 1102 2915; baseline -0.001 -9"><span class='ocrx_word' id='word_1_316' title='bbox 265 2869 419 2914; x_wconf 83' lang='grc' dir='ltr'>δύστην’</span> <span class='ocrx_word' id='word_1_317' title='bbox 445 2869 598 2914; x_wconf 82' lang='grc' dir='ltr'>ἀλήθει’,</span> <span class='ocrx_word' id='word_1_318' title='bbox 625 2871 677 2912; x_wconf 86' lang='grc' dir='ltr'>ὡς</span> <span class='ocrx_word' id='word_1_319' title='bbox 702 2870 742 2905; x_wconf 83' lang='grc' dir='ltr'>ἐν</span> <span class='ocrx_word' id='word_1_320' title='bbox 768 2870 814 2905; x_wconf 90' lang='grc' dir='ltr'>οὐ</span> <span class='ocrx_word' id='word_1_321' title='bbox 840 2873 956 2915; x_wconf 83' lang='grc' dir='ltr'>καιρῷ</span> <span class='ocrx_word' id='word_1_322' title='bbox 982 2869 1102 2914; x_wconf 86' lang='grc' dir='ltr'>πάρει.</span> 
     </span>
    </p>
   </div>
  </div>
 </body>
</html>
