2047 3253
533 313 652 368 ᾔδειν
681 312 721 355 δ’
751 311 831 364 ἁμὲ
862 313 968 364 χρῆν
995 313 1117 354 νικᾶν
1143 310 1272 355 πόσιν

534 378 661 434 κείνῳ
690 392 737 422 τε
765 377 897 431 νίκην,
927 377 989 422 ὧν
1018 378 1162 430 ἐχρῆν,
1191 378 1398 431 παριέναι,

272 448 341 498 qui
369 454 534 498 propter
563 448 907 487 constructionem
934 458 1116 485 eversam
1145 447 1223 485 huc
1256 459 1515 497 nequaquam
1551 453 1670 486 erunt
1706 452 1784 483 tra·

271 513 406 555 hendi.
463 514 618 554 Contra
646 508 842 565 quantum
871 513 1119 564 auctoritatis
1147 514 1211 552 lex
1240 514 1305 552 ina
1327 514 1571 565 possederit,
1603 514 1784 552 versibus

270 581 356 631 Iph.
386 582 508 621 Taur.
540 582 623 621 373
645 590 705 630 sq.
736 580 932 618 evincitur
960 580 1088 619 hisce:

599 644 794 700 ἀδελφόν
822 643 858 686 τ’
889 643 968 687 οὐκ
997 643 1226 696 ἀνειλόμην
1253 647 1410 697 χεροῖν,

533 712 584 764 ὃς
608 713 687 754 νῦν
716 710 894 763 ὄλωλεν,
923 710 976 752 οὐ
1004 710 1236 766 κασιγνήτῃ
1266 710 1406 763 στόμα

532 776 691 829 συνῆψ’
720 775 791 819 ὑπ’.
820 776 983 830 αἰδοῦς,

269 847 310 885 in
341 847 486 898 quibus
516 845 562 888 τέ
590 846 765 898 positum
794 847 835 885 in
863 847 994 897 priore
1023 847 1216 899 membro,
1246 847 1286 885 in
1315 853 1481 897 postero
1509 848 1626 886 metri
1647 861 1782 887 neces-

270 915 390 952 sitate
420 926 658 965 oppressum
688 920 759 954 est.

401 980 465 1020 De
492 994 542 1019 ea
572 982 690 1031 igitur
719 993 763 1020 re
792 988 1008 1032 postquam
1037 988 1270 1031 peroratum
1300 988 1375 1030 est,
1417 982 1587 1020 alteram
1621 982 1674 1018 de
1709 982 1785 1019 du-

270 1048 363 1097 plici
392 1045 460 1086 καί
489 1048 687 1097 particula
716 1047 1010 1098 expositionem
1040 1047 1221 1086 subicere
1251 1048 1361 1086 iuvat
1386 1049 1438 1086 ab
1457 1047 1652 1097 Euripide
1673 1047 1784 1085 haud

272 1114 538 1165 frequentata,
581 1120 627 1152 ut
654 1115 873 1164 intelleges,
916 1114 949 1152 si
976 1115 1136 1164 quoties
1166 1113 1327 1165 τέ-τὲ,
1366 1112 1538 1155 τὲ-’καί
1568 1121 1780 1153 occurrant

270 1181 504 1219 attenderis.
562 1180 666 1219 Nam
695 1180 919 1230 segregatis
946 1181 1125 1230 quinque
1146 1181 1362 1219 Alcestidis
1383 1181 1577 1230 exemplis
1607 1181 1647 1218 in
1667 1180 1780 1219 nulla

270 1247 404 1285 fabula
434 1244 627 1286 καί-καί
655 1247 815 1296 saepius
843 1258 963 1296 quam
991 1254 1143 1296 quater,
1187 1248 1227 1284 in
1256 1247 1433 1296 plurimis
1461 1252 1597 1283 autem
1628 1258 1680 1283 ne
1718 1253 1779 1284 ter

268 1313 432 1364 quidem
472 1312 681 1362 invenitur,
726 1313 767 1350 in
806 1313 973 1351 canticis
1007 1319 1048 1350 et
1083 1313 1350 1362 anapaesticis
1388 1313 1451 1350 vix
1480 1313 1613 1350 locum
1641 1313 1777 1352 habet.

271 1379 407 1427 Quare
440 1391 531 1417 cum
560 1390 642 1417 non
673 1379 817 1418 nimius
845 1380 1120 1430 exemplorum
1150 1381 1202 1417 sit
1230 1391 1430 1426 numerus,
1461 1379 1616 1429 singula
1645 1380 1686 1417 in
1715 1392 1778 1418 or·

268 1447 407 1485 dinem
436 1447 605 1485 redacta
633 1457 875 1496 proponam,
900 1458 923 1483 e
953 1447 1100 1495 quibus
1129 1446 1162 1483 si
1192 1446 1288 1495 quid
1317 1446 1523 1496 efficietur,
1568 1447 1611 1484 id
1640 1458 1691 1484 eo
1721 1447 1778 1484 sa-

267 1513 380 1551 eilius
409 1513 592 1551 omnibus
621 1512 796 1562 patebit:

431 1580 517 1617 Alc.
549 1582 626 1618 141
658 1576 727 1618 καὶ
756 1577 901 1619 ζῶσαν
930 1574 1060 1618 εἰπεῖν
1087 1576 1155 1618 καὶ
1184 1578 1404 1619 θανοῦσαν
1434 1576 1524 1618 ἔστι
1553 1586 1625 1618 σοι

358 1645 518 1685 Heracl.
548 1647 630 1685 320
658 1642 743 1693 ἐγὼ
773 1643 821 1693 δὲ
850 1642 918 1685 καὶ
948 1645 1032 1686 ζῶν
1061 1643 1129 1684 καὶ
1159 1644 1301 1685 θανὼν
1329 1651 1406 1684 etc.

356 1711 516 1752 Heracl.
548 1714 627 1751 599
657 1709 880 1761 τιμιωτάτη
905 1709 913 1761 Ι
938 1709 1006 1751 καὶ
1029 1708 1133 1752 ζῶσ’
1161 1707 1234 1761 ὑφ’
1254 1709 1372 1760 ἡμῶν
1396 1709 1464 1751 καὶ
1484 1708 1662 1752 θανοῦσ’
1685 1709 1775 1752 ἔσει

1515 1775 1640 1818 πολύ.

447 1845 516 1886 Or.
547 1846 626 1884 307
656 1841 735 1899 οὐκ
751 1842 861 1885 ἔστι·
891 1842 975 1885 σὺν
994 1841 1067 1884 σοὶ
1083 1842 1151 1884 καὶ
1167 1842 1312 1885 θανεῖν
1328 1841 1558 1893 αἱρήσομαι
1582 1846 1588 1891 Ι
1614 1841 1775 1893 καὶζῆν

475 1911 521 1952 fr.
551 1913 628 1951 847
660 1909 728 1952 καὶ
756 1912 840 1954 ζῶν
869 1909 938 1952 καὶ
967 1909 1112 1952 θανὼν

321 1981 513 2019 Androm.
546 1981 626 2018 244
654 1976 772 2019 κάκεῖ
800 1976 853 2019 τά
882 1978 922 2026 γ’
951 1976 1109 2028 αἰσχρὰ
1138 1976 1311 2018 κάνθάδ’
1342 1976 1549 2028 αἰσχύνην
1577 1976 1662 2027 ἔχει

350 2046 437 2097 Iph.
467 2046 515 2086 T.
546 2036 625 2086 568
657 2042 758 2095 ἔστ’,
782 2042 937 2095 -ἄθλιός
965 2056 1029 2094 γε,
1058 2043 1276 2095 κούδαμοῦ
1303 2043 1372 2085 καὶ
1401 2046 1622 2095 πανταχοῦ

434 2112 518 2152 Ion.
549 2113 629 2155 384
658 2109 777 2153 κάκεῖ
805 2108 977 2153 κάνθάδ’

427 2179 514 2218 Alc.
546 2180 622 2219 661
656 2176 778 2228 χάριν
803 2176 808 2230 Ι
834 2175 1004 2219 τοιάνδε
1035 2177 1102 2218 καὶ
1131 2177 1187 2219 σὺ
1217 2177 1269 2228 χὴ
1299 2177 1469 2219 τεκοῦσ’
1499 2176 1750 2229 ἠλλαξάτην.

354 2246 515 2285 Hercul.
547 2247 627 2285 954
656 2242 747 2286 ἀλλ’
760 2243 804 2286 ἐξ
820 2242 993 2295 ἁπάσης
1008 2242 1113 2296 κάμὲ
1129 2243 1198 2285 καὶ
1212 2242 1321 2286 τέκν’
1336 2241 1546 2296 Ἑλλάδος
1568 2242 1775 2297 Ιῆλαυνες

357 2313 489 2363 Suppl.
522 2314 624 2351 1181
656 2309 787 2361 χαῖρ’·
817 2309 935 2361 ἄξιος
964 2311 1046 2361 γὰρ
1075 2310 1144 2352 καὶ
1173 2311 1229 2352 σὺ
1258 2310 1326 2351 καὶ
1355 2310 1480 2360 πόλις
1509 2310 1650 2353 σέθεν.

352 2379 517 2431 Hippol.
547 2380 627 2418 662
658 2377 753 2429 πῶς
782 2389 848 2419 νιν
875 2376 1094 2429 προσόψει
1123 2376 1191 2420 καὶ
1220 2376 1276 2419 σὺ
1306 2375 1374 2419 καὶ
1404 2376 1611 2419 δέσποινα
1640 2377 1708 2427 σή.

354 2446 518 2497 Hippol.
550 2448 630 2485 693
655 2442 778 2485 ὄλοιο
808 2443 876 2484 καὶ
905 2443 962 2486 σὺ
992 2443 1150 2495 χῶστις
1179 2442 1366 2495 ἄκοντας
1395 2443 1552 2495 φίλους
1588 2466 1631 2472 -

314 2513 400 2564 Iph.
424 2513 514 2553 Aul.
545 2514 624 2552 849
655 2509 762 2562 ἴσως
792 2509 1051 2563 ἐκερτόμησε
1081 2508 1186 2562 κάμὲ
1215 2509 1283 2552 καὶ
1312 2510 1364 2553 σε’
1394 2523 1458 2562 τις

316 2580 404 2630 Iph.
425 2581 515 2620 Aul.
546 2581 626 2620 886
662 2601 705 2606 -
740 2576 809 2619 καὶ
836 2576 893 2619 σὺ
922 2577 992 2620 καὶ
1021 2576 1157 2630 μήτηρ
1185 2577 1324 2620 σέθεν.

323 2647 411 2697 Iph.
439 2647 488 2687 T.
523 2648 627 2687 1074
656 2643 800 2686 ὄλωλα
830 2642 947 2694 κάγὼ
978 2644 1046 2686 καὶ
1075 2644 1331 2696 κασίγνητος

402 2713 486 2751 Ion.
519 2714 623 2753 1405
655 2709 880 2762 ἀνθέξομαι
913 2708 918 2763 Ι
944 2709 1014 2753 καὶ
1042 2711 1174 2762 τῆσδε
1203 2710 1272 2753 καὶ
1301 2711 1384 2753 σοῦ

404 2779 513 2830 Cycl.
545 2782 624 2820 466
655 2776 831 2820 κᾶπειτα
859 2777 927 2819 καὶ
955 2777 1008 2843 σὲ
1034 2777 1103 2819 καὶ
1132 2777 1286 2830 φίλους

416 2845 483 2887 Or.
518 2848 622 2886 1677
653 2843 776 2887 ὄναιο
806 2843 874 2886 καὶ
902 2843 959 2885 σὺ
987 2844 1049 2896 χὼ
1078 2843 1223 2895 διδοὺς
1252 2843 1337 2894 ἐγὼ

467 2914 511 2953 fr.
544 2916 619 2954 651
654 2912 869 2962 πέπονθεν
897 2909 971 2954 οἷα
1001 2911 1069 2955 καὶ
1099 2912 1150 2955 σὲ
1181 2911 1248 2955 καὶ
1277 2910 1439 2964 πάντας
1469 2911 1597 2963 μένει.
