2047 3253
1036 130 1085 168 24

430 256 433 261 “
496 246 583 298 ἐγὼ
604 247 642 290 δ’
663 246 846 290 ἀπαυδῶ
866 245 1003 289 τᾶλλα
1022 246 1059 289 τ’
1078 245 1134 298 (γ’
1151 245 1287 297 ἀλλος
1302 246 1358 296 ll.)
1377 244 1459 298 οὐχ
1470 245 1631 297 ἥσσων
1650 246 1782 290 σέθεν

495 314 565 357 καὶ
593 315 726 366 τῆσδε
751 315 900 370 πολλῷ
929 312 1189 366 κυριώτερος
1216 311 1373 365 γεγώς..

295 384 352 423 At
381 383 567 423 haerebis
597 383 796 424 Androm.
827 383 929 423 585:

291 494 295 498 ,
493 446 654 491 οὔκουν
683 447 852 492 ἐκείνου
880 446 993 499 τάμὰ
1021 445 1217 489 τάκείνου
1246 446 1282 489 τ’
1313 446 1411 499 ἐμά;

297 517 387 567 Ubj.
407 512 521 568 τάμά
552 529 602 558 ex
633 514 672 558 θ’
702 514 790 568 ἁμά
816 514 873 570 (ἃ
882 513 978 567 ἐμά)
1008 516 1204 566 originem
1233 518 1399 556 duxisse
1426 518 1561 567 possis
1590 516 1819 567 suspicari1.

235 576 240 582 ⁸
297 585 432 635 Saepe
466 584 633 635 quidem
663 595 687 624 τ
716 591 759 623 et
780 585 812 624 θ
843 583 1160 633 confunduntur,
1204 595 1285 634 quo
1315 596 1338 624 e
1366 596 1515 634 genere
1549 595 1671 623 unum
1699 596 1816 635 prae·

301 657 416 691 terea
446 652 725 690 testimonium
754 650 937 692 adferam
965 649 1050 700 Iph.
1076 650 1171 690 Aul.
1202 651 1304 690 657:
1399 687 1402 690 ,

498 715 610 758 θέλω
639 726 705 765 γε’
696 715 738 742 ’2
765 715 815 757 τὸ
845 714 983 756 θέλειν
1010 713 1048 756 δ’
1079 712 1158 756 οὐκ
1186 713 1297 766 ἔχων
1326 690 1571 768 ἀλγύνομαι.

301 783 380 822 vix
410 783 518 822 enim
545 783 687 822 dubito
716 783 814 833 quin
843 782 938 820 olim
968 782 1105 821 fuerit:

497 848 608 892 θέλω
637 857 703 899 γε·
732 847 784 891 τὸ
811 848 949 891 τελεῖν
979 847 1018 890 δ’
1043 846 1122 890 οὐκ
1153 847 1265 900 ἔχων
1295 846 1541 902 ἀλγύνομαι.

299 918 548 969 Relinquitur
577 918 721 957 unicus
750 916 927 956 Medeae
961 928 1099 956 versus
1131 918 1258 958 1353.

693 981 805 1034 Ζεὺς
834 981 1046 1033 ἠπίστατο
1069 1016 1072 1019 .

496 1045 551 1090 οἷ’
580 1047 626 1091 ἐξ
654 1047 760 1100 ἐμοῦ
786 1047 1008 1101 πέπονθας
1037 1045 1110 1090 οἷά
1139 1047 1174 1090 τ’
1204 1046 1402 1101 εἰργάσω,

302 1118 364 1156 cui
394 1118 487 1156 loco
518 1113 588 1158 οἶα
618 1118 657 1158 δ’
687 1113 875 1167 εἰργάσω
913 1118 1172 1156 reddendum
1201 1129 1294 1156 esse
1324 1118 1547 1168 Elmsleyus
1581 1119 1694 1167 vidit,
1738 1121 1817 1159 alia

301 1195 400 1222 sane
431 1183 660 1222 *ratiuncula
694 1184 854 1223 ductus,
919 1183 1079 1222 Scilicet
1108 1184 1150 1221 in
1181 1183 1421 1233 repetitione
1451 1183 1696 1223 verborum3
1724 1198 1817 1225 nus-

300 1261 422 1300 quam
451 1247 500 1289 δέ
533 1261 616 1287 non
646 1248 875 1299 apparere4
903 1249 1168 1295 intellexerat,
1200 1261 1281 1300 qua
1311 1250 1594 1290 observatione
1626 1251 1722 1289 nihil
1752 1258 1817 1290 est

296 1315 429 1355 verius
466 1327 612 1365 neque,
653 1316 686 1353 si
725 1316 863 1353 omnia
901 1315 967 1353 ille
1005 1316 1192 1366 exempla
1227 1316 1436 1366 adponere
1480 1317 1609 1358 noluit
1641 1338 1691 1345 —
1721 1324 1817 1358 sunt

301 1383 410 1422 enim
436 1383 649 1421 innumera
677 1403 745 1429 —‚
793 1382 837 1420 id
872 1382 1052 1421 editores
1079 1395 1243 1422 movere
1279 1383 1434 1430 debuit,
1477 1389 1523 1422 ut
1552 1384 1816 1423 certissimam

300 1449 631 1489 emendationem
660 1456 910 1499 respuerent.

426 1516 597 1555 Minime
628 1527 723 1554 vero
753 1527 846 1554 cum
880 1516 1020 1565 regula
1045 1527 1070 1553 a
1099 1516 1215 1554 nobis
1245 1516 1466 1555 constituta
1496 1524 1680 1568 pugnant
1708 1518 1815 1557 Ionis

298 1595 437 1622 versus
469 1584 571 1622 1601
597 1594 678 1631 sq.:

494 1648 572 1690 νῦν
603 1644 684 1689 οὖν
713 1645 871 1697 σιώπα,
902 1647 1003 1699 παῖς
1033 1645 1100 1689 ὅδ’
1130 1646 1190 1698 ὡς
1218 1629 1384 1700 πέφυκε
1414 1648 1509 1702 σός,

490 1713 547 1756 ἵν’
576 1712 603 1764 ἡ
634 1711 812 1764 δόκησις
841 1711 1014 1755 Ξοῦθον
1043 1711 1182 1764 ἡδέως
1212 1712 1301 1768 ἔχῃ,
1564 1716 1567 1719 ’

492 1779 550 1823 σύ
578 1778 614 1822 τ’
647 1778 702 1822 αὖ
730 1778 784 1821 τὰ
812 1781 977 1832 σαυτῆς
1006 1777 1127 1830 ἀγάθ’
1157 1778 1303 1832 ἔχουσ’
1332 1779 1415 1837 ἴῃς,
1445 1780 1580 1832 γύναι.

292 1850 486 1901 quoniam
521 1850 578 1887 ad
615 1849 915 1899 oppositionem
954 1849 1216 1887 indicandam
1244 1849 1279 1889 τ’
1310 1846 1364 1890 αὖ
1393 1852 1520 1891 multo
1549 1852 1638 1903 plus
1669 1853 1813 1902 valere,

293 1929 418 1970 quam
450 1916 620 1968 simplex
645 1913 692 1957 τέ
712 1922 1034 1956 consentaneum
1054 1923 1128 1956 est.
1186 1916 1309 1956 Velut
1329 1925 1462 1958 exstat
1481 1919 1636 1960 Phoen.
1656 1922 1735 1960 452
1753 1933 1813 1970 sq.

493 1981 685 2033 ἐπίσχες·
717 1980 835 2024 οὔτοι
864 1981 915 2023 τὸ
944 1981 1051 2033 τάχυ
1081 1982 1159 2033 τὴν
1187 1982 1308 2035 δίκην
1336 1983 1436 2036 ἔχει,
1466 2007 1519 2014 -
1551 2007 1601 2013 —

365 2053 445 2092 457
490 2048 548 2092 σύ
577 2049 612 2091 τ’
644 2047 699 2092 αὖ
727 2047 965 2101 πρόσωπον
993 2047 1105 2101 πρὸς
1135 2048 1393 2101 κασίγνητον
1421 2050 1597 2103 στρέφε,

492 2114 753 2167 Πολύνεικες
767 2124 776 2133 ·

295 2186 384 2234 Nec
414 2185 594 2235 denique
623 2185 788 2223 obstant
818 2183 1028 2222 Troadum
1053 2195 1191 2222 versus
1222 2186 1302 2223 655
1325 2196 1404 2234 sq.:

412 2325 440 2375 ¹¹
464 2329 549 2360 Non
575 2327 680 2359 nimis
706 2327 884 2367 eleganter
908 2326 972 2359 tria
996 2326 1165 2370 deinceps
1191 2327 1362 2359 vocabula
1387 2337 1407 2359 a
1430 2337 1453 2361 τ
1476 2327 1658 2369 incipiunt.

422 2384 439 2410 ²
464 2386 509 2430 γέ
532 2391 625 2420 recte
650 2390 718 2420 stat
744 2396 854 2430 neque
878 2395 957 2419 cum
982 2386 1140 2430 sequenti
1165 2385 1206 2421 δέ
1231 2385 1484 2428 iungendumst.
1510 2386 1588 2426 fIch
1612 2386 1686 2419 will
1708 2381 1776 2429 ja’.

426 2443 442 2468 ³
466 2447 547 2479 Eur.
573 2445 701 2479 Electr.
728 2443 798 2480 675
847 2443 917 2480 ΟΡ.
943 2443 1051 2488 νίκην
1077 2444 1141 2486 δὸς
1165 2444 1264 2489 ἡμῖν,
1289 2443 1321 2480 εἰ
1346 2443 1453 2480 δίκαι’
1481 2443 1696 2488 αἰτούμεθα.

844 2502 916 2538 ΗΛ.
942 2502 1006 2545 δὸς
1030 2503 1127 2547 δῆτα
1150 2502 1292 2547 πατρὸς
1315 2503 1443 2539 τοῖσδε
1467 2503 1631 2548 τιμωρὸν
1655 2501 1772 2547 δίκην.

289 2562 515 2596 falsissimum
542 2572 621 2596 esse
647 2562 712 2604 δὸς
727 2580 768 2586 -
784 2560 890 2606 δίκην
915 2561 1067 2595 Weilius
1093 2561 1358 2607 demonstravit3
1394 2567 1429 2596 at
1454 2562 1545 2596 idem
1569 2572 1642 2595 non
1666 2562 1813 2604 agnovit

290 2621 532 2673 qepetitionem
558 2621 761 2655 verborum:
787 2619 895 2663 νίκην
920 2620 1038 2662 δὸς-
1054 2612 1118 2662 δὸς
1143 2620 1282 2664 δῆτα,
1313 2620 1404 2653 unde
1429 2620 1590 2660 efficitur,
1616 2624 1654 2652 ut
1678 2608 1723 2652 ad
1749 2619 1812 2662 δὸς

292 2681 389 2723 δῆτα
414 2679 649 2723 supplendum
676 2679 719 2711 sit
742 2677 851 2722 νίκην
877 2683 910 2710 et
937 2683 1032 2711 totus
1057 2678 1158 2711 locus
1186 2679 1236 2711 sic
1262 2679 1333 2711 sere
1359 2677 1597 2712 exhibendus:
1627 2677 1691 2721 δὸς
1716 2678 1811 2723 δῆτα

290 2738 433 2783 πατρὸς
458 2738 585 2774 τοῖσδε
609 2741 786 2781 τιμωροῑς
813 2736 908 2782 δίκῃ.
948 2739 992 2772 cf.
1018 2748 1108 2781 quae
1133 2738 1325 2771 scribemus
1351 2749 1385 2782 p.
1405 2737 1463 2772 35.
1512 2737 1672 2770 Ceterum
1697 2747 1809 2781 τιμω-

292 2800 373 2843 ροῑς
399 2797 468 2830 iam
494 2797 652 2830 Weilius
679 2797 818 2831 invenit.
869 2798 929 2829 An
955 2796 1080 2831 τοῖνδε
1105 2796 1306 2840 τιμωροῑνὲ

421 2853 438 2880 ⁴
461 2856 550 2891 hanc
575 2855 691 2898 legem
718 2866 737 2890 a
761 2856 862 2892 bonis
889 2856 1114 2903 scriptoribus
1139 2856 1302 2904 omnibus
1324 2856 1545 2893 observatam
1570 2856 1736 2894 invenies.
