2047 3253
864 702 1086 754 VITA

324 930 327 933 -
364 905 562 945 Martinus
598 904 829 944 Ludovicus
865 905 1170 945 Radermacher
1212 912 1333 944 natus
1377 918 1467 944 sum
1509 907 1550 944 in
1592 907 1746 956 oppido

234 972 433 1010 Rhenano
470 971 634 1009 nomine
667 968 902 1021 ‘Siegburg’
933 983 971 1011 a.
1001 971 1039 1011 h.
1070 983 1101 1011 s,
1129 971 1281 1010 LXVII
1318 972 1385 1010 die
1418 971 1557 1013 XXXI
1593 972 1742 1010 mensis

230 1038 420 1078 Octobris
451 1044 566 1087 patre
595 1039 727 1095 Petro,
754 1045 885 1077 matre
911 1039 1136 1079 Katharina
1164 1039 1227 1076 de·
1252 1045 1376 1087 gente
1399 1038 1535 1089 Mohr,
1559 1038 1737 1088 utrisque

232 1104 370 1146 adhue
396 1104 691 1155 superstitibus.
744 1105 866 1145 fidem
893 1105 1086 1156 profiteor
1117 1104 1372 1152 catholicam.
1429 1118 1540 1155 anno
1569 1104 1742 1146 LXXVI

232 1172 505 1222 progymnasii
534 1172 642 1217 urbis
671 1173 826 1222 patriae
854 1172 1077 1222 discipulus
1105 1173 1250 1224 factus,
1279 1184 1372 1210 vere
1404 1173 1499 1212 anni
1528 1171 1745 1212 LXXXIV

232 1237 447 1277 Coloniam
476 1239 738 1289 Agrippinam
767 1239 998 1289 demigravi,
1028 1239 1097 1280 ubi
1124 1239 1167 1280 in
1194 1239 1418 1290 gymnasio,
1454 1241 1566 1289 quod
1591 1245 1660 1278 est
1689 1239 1745 1277 ad

234 1305 524 1354 Apostolorum
552 1306 777 1354 ecclesiam,
811 1306 1052 1344 maturitatis
1079 1306 1354 1353 testimonium
1381 1312 1626 1344 consecutus
1653 1316 1743 1343 sum

233 1382 343 1411 anno
366 1370 603 1415 LXXXVI.
660 1371 781 1417 Hinc,
811 1372 956 1413 studiis
983 1371 1200 1421 philologis
1231 1383 1397 1421 operam
1425 1377 1657 1420 navaturus,
1687 1372 1745 1409 al-

233 1448 343 1474 mam
369 1443 541 1475 matrem
571 1436 828 1475 Bonnensem
858 1425 993 1487 petivi,
1030 1437 1143 1475 cuius
1173 1437 1271 1475 civis
1299 1438 1503 1487 permansi
1531 1449 1661 1488 usque
1690 1438 1745 1475 ad

235 1503 338 1541 haec
364 1509 576 1552 tempora„
617 1502 853 1544 nocuerunt
879 1515 947 1542 me
975 1503 1047 1542 viri
1074 1503 1300 1551 clarissimi:
1331 1503 1542 1555 Aufrecht,
1571 1503 1743 1550 Bender‚

234 1568 468 1613 Buecheler,
497 1569 669 1618 Franck,
700 1569 833 1614 Klein,
873 1569 1123 1617 Loeschcke,
1165 1569 1383 1618 Luebbert,
1422 1569 1594 1619 Menzel,
1636 1568 1745 1607 Neu·

232 1635 414 1680 haeuser,
462 1633 630 1682 Usener,
680 1635 915 1676 Wilmanns.
991 1635 1238 1681 Buecheleri,
1286 1635 1522 1685 Luebberti,
1570 1635 1748 1687 Useneri

232 1702 399 1751 egregia
429 1702 712 1755 benevolentia
746 1702 898 1742 factum
927 1709 1003 1747 est,
1040 1708 1085 1741 ut
1111 1703 1156 1742 in
1184 1702 1442 1744 seminarium
1471 1702 1628 1752 regium.
1654 1702 1745 1752 phi·

233 1768 458 1817 lologorum
487 1768 708 1808 Bonnense
733 1769 942 1819 reciperer,
976 1768 1090 1808 cuius
1117 1780 1192 1817 per
1208 1768 1296 1809 tria
1321 1769 1561 1808 semenstria
1584 1768 1741 1818 ,sodalis

232 1834 300 1881 fui,
343 1835 481 1874 ultimo
517 1831 667 1874 senior.
731 1835 848 1874 Idem
886 1846 959 1885 per
991 1841 1136 1885 quater
1173 1846 1295 1873 senos
1337 1845 1500 1874 menses
1541 1834 1744 1873 seminarii

231 1901 451 1951 germanici
479 1899 678 1938 Franekio
707 1907 750 1938 et
777 1900 1040 1939 Wiimannsio
1069 1900 1379 1939 moderantibus
1414 1899 1565 1938 sodalis
1594 1899 1651 1938 fui
1680 1910 1746 1937 or-

233 1968 422 2007 dinarius.
489 1967 679 2017 Denique
707 1968 1063 2011 exercitationibus
1092 1967 1210 2006 Oscis
1236 1973 1280 2004 et
1307 1967 1506 2005 Umbricis
1543 1972 1588 2003 ut
1622 1966 1746 2004 inter·

231 2044 372 2079 essem,
402 2033 579 2085 benigne
607 2033 831 2074 Buecheler
857 2033 1052 2084 permisit.
1110 2032 1309 2075 Omnibus
1337 2038 1474 2070 autem
1502 2036 1745 2082 praecepto-

231 2100 341 2136 ribus
384 2100 535 2148 gratias
578 2096 733 2137 habeo*
751 2101 959 2142 maximas.
1043 2100 1248 2138 Sodalitas
1286 2099 1493 2148 philologa
1522 2098 1747 2135 Bonnensis

230 2160 458 2203 ‘Klassisch
484 2165 798 2216 philologischer
826 2156 996 2205 Verein'
1032 2166 1075 2209 in
1112 2165 1361 2215 carissimum
1400 2163 1638 2203 sodalicium
1677 2175 1743 2202 me

231 2232 385 2280 recepit
413 2243 450 2270 a.
481 2231 759 2273 LXXXVIII«
