2047 3253
1004 138 1048 175 11

272 257 506 308 Euripidem
535 263 716 297 nostrum
735 257 939 295 hominem
963 263 1044 295 tam
1071 257 1256 294 rusticum
1278 256 1386 308 fingi,
1416 257 1498 305 qui,
1527 263 1570 294 ut
1590 267 1778 305 quaeque

269 325 441 363 maxime
479 330 665 364 contorta
698 330 823 373 atque
858 324 1044 369 abstrusa
1077 325 1353 369 occurrebant,
1400 336 1451 361 ea
1489 324 1542 361 de
1581 323 1777 361 industria

270 393 485 443 adriperet,
517 405 608 431 cum
639 392 676 430 ei
707 391 844 429 liceret
872 403 952 441 qua
981 392 1123 430 solitus
1153 398 1240 430 erat
1268 392 1470 440 elegantia
1500 390 1692 428 scribere:

463 457 502 499 τί
532 455 568 499 δ’
599 455 634 498 ὦ
663 455 905 508 ταλαίπωρ’,
934 455 1057 508 ὅστις
1085 455 1134 507 εἴ,
1165 454 1203 507 μ’
1235 455 1538 508 ἀπεστράφης;

271 526 404 574 Quam
433 528 486 565 ob
515 538 599 563 rem
629 531 674 563 ut
701 537 784 563 non
812 511 1186 574 interpretationem
1221 526 1295 563 sed
1331 525 1660 562 emendationem
1691 536 1776 560 ver-

267 593 389 639 sibus,
433 593 486 630 de
516 592 662 641 quibus
691 592 832 641 agitur,
875 591 1148 632 adhibendam
1178 603 1270 629 esse
1300 597 1424 641 patet,
1468 591 1524 629 ita
1563 590 1603 627 in
1645 589 1777 627 verbis

268 658 424 697 traditis
453 659 672 708 quidquam
698 664 857 696 mutare
885 658 1112 707 religiosum
1140 658 1204 704 sit,
1234 658 1345 707 quod
1375 657 1460 694 sine
1486 656 1660 694 audacia
1691 656 1777 693 fieri

267 737 350 763 non
377 730 526 775 potest.
583 724 773 774 Suspicor
801 724 920 773 igitur
945 712 1070 762 unum
1094 724 1331 761 versiculum
1357 723 1605 761 librariorum
1625 722 1777 760 incuria

267 791 534 841 intercidisse;
563 797 607 829 ut
636 791 736 841 quid
765 791 910 830 deesse
939 791 1078 841 possit,
1106 791 1339 829 ostendam:

464 855 504 898 τί
531 855 583 910 δ’,
612 854 647 897 ὦ
676 855 922 908 ταλαίπωρ’,
952 854 1076 909 ὅστις
1106 855 1168 898 ὤν
1200 853 1238 907 μ’
1274 853 1566 908 ἀπεστράφης,

465 922 647 974 <μάταια
676 921 815 975 βάζεις
843 923 1096 977 ἠρεθισμένη
1126 922 1280 976 φρενὶ>

467 988 535 1030 καὶ
563 990 658 1041 ταῖς
689 988 853 1042 ἐκείνης
881 990 1127 1042 συμφοραῖς
1157 989 1229 1041 ἐμὲ
1259 991 1451 1041 στυγεῑς;

270 1057 419 1095 Iterum
449 1070 543 1095 vero
572 1070 634 1096 res
665 1059 799 1095 evenit
823 1059 922 1095 satis
951 1059 1153 1098 notabilis.
1223 1058 1380 1095 Scilicet
1408 1058 1558 1106 Teucri
1587 1069 1776 1095 scaenam

269 1123 533 1174 ingredientis
562 1124 692 1162 oratio
717 1124 758 1162 in
787 1125 889 1163 duas
920 1130 1056 1174 partes
1086 1125 1148 1162 vel
1178 1121 1229 1164 ἔα
1256 1124 1552 1163 exclamatione
1572 1124 1779 1162 interiecta

270 1190 479 1236 dividitur,v
505 1203 674 1240 quarum
703 1192 848 1240 priore,
879 1203 983 1240 quae
1011 1197 1093 1229 tres
1123 1204 1260 1229 versus
1290 1192 1582 1241 complectitur,
1609 1191 1778 1243 'regiam

271 1257 665 1307 magnificentissime
705 1263 950 1296 exstructam
988 1258 1174 1297 laudibus
1212 1259 1369 1309 attollit,
1406 1258 1533 1297 altera
1575 1270 1646 1295 sex
1690 1269 1777 1295 ver·
1848 1267 1852 1272 ·

270 1335 387 1360 suurn
430 1324 582 1360 mulieri
625 1325 855 1361 occursanti
896 1331 1068 1362 mortem
1109 1326 1327 1362 minitatur.
1393 1325 1499 1361 Hinc
1536 1325 1777 1372 disceptatio

272 1388 437 1439 paribus
467 1389 646 1429 versibus
676 1390 871 1441 decurrit3
912 1397 1103 1430 secuntur
1130 1391 1237 1429 enim
1268 1391 1370 1429 terni
1400 1391 1563 1429 trimetri
1591 1390 1776 1428 Helenae

269 1457 471 1506 hospitem
512 1458 751 1496 iracundum
786 1459 1051 1509 vituperantis
1088 1459 1317 1508 Teucrique
1341 1459 1626 1497 'temeritatem
1661 1470 1776 1495 suam

270 1525 512 1569 excusantis,
543 1530 628 1563 tum
655 1526 885 1575 priusquam
915 1526 954 1563 in
982 1526 1303 1576 stichomythiam
1335 1526 1619 1564 sermocinatio
1639 1525 1775 1573 abeat,

269 1589 448 1626 versibus
478 1590 642 1638 singulis
671 1591 856 1640 binisque
877 1591 1022 1628 Teucri
1041 1603 1189 1629 nomen
1221 1597 1263 1628 et
1290 1592 1422 1641 patria
1450 1596 1649 1629 eruuntur.
1699 1590 1774 1627 Ita-

269 1667 347 1705 que
376 1667 427 1693 ne
458 1654 548 1695 huic
574 1657 737 1707 quidem
763 1657 943 1696 diverbio
976 1669 1049 1696 sua
1079 1658 1294 1708 dispositio
1325 1658 1458 1705 deest;
1493 1670 1614 1695 unum
1644 1663 1781 1694 autem

269 1727 425 1759 certum
453 1722 549 1760 mihi
579 1728 659 1760 stat
689 1724 840 1761 nullum
869 1723 949 1762 hoc
979 1724 1069 1762 loco
1100 1735 1257 1761 versum
1287 1724 1448 1762 obviam
1483 1735 1574 1761 esse
1605 1724 1782 1772 interpo-

270 1787 429 1826 lationis
459 1794 705 1838 suspectum.

861 1885 1056 1923 Androm.
1090 1887 1190 1924 404:

465 1964 505 2007 τί
533 1968 623 2017 δῆτ’
658 1966 751 2018 ἐμοὶ
778 1969 854 2018 ζῆν
883 1966 982 2018 ἡδύς
1011 1967 1120 2020 πρὸς
1150 1967 1189 2010 τί
1217 1967 1295 2020 χρὴ
1328 1967 1513 2020 βλέπειν;

269 2045 336 2071 cur
366 2039 488 2071 aucta
516 2035 763 2084 pronominis
793 2036 922 2084 forma
950 2043 1074 2085 poeta
1103 2048 1200 2074 usus
1229 2038 1292 2085 sit,
1324 2038 1417 2074 ideo
1446 2037 1607 2074 difficile
1637 2043 1699 2074 est
1725 2038 1780 2074 ad

268 2100 597 2149 intellegendum,
628 2098 732 2151 'quia
770 2114 942 2140 acumen
976 2103 1170 2140 orationis
1210 2115 1293 2140 non
1327 2103 1368 2140 in
1397 2101 1500 2151 ἐμοί,
1531 2104 1606 2141 sed
1633 2103 1674 2140 in
1704 2103 1779 2151 ζῆν

269 2171 409 2214 aperte
439 2166 614 2215 positum
644 2174 717 2206 est.
777 2169 900 2206 Adde
930 2169 971 2205 in
991 2169 1108 2206 simili
1137 2169 1431 2207 deliberatione
1451 2169 1657 2206 dicentem
1677 2169 1778 2206 Her-

269 2234 400 2272 culem
435 2234 598 2275 Hercul.
639 2246 696 2275 vs.
729 2236 854 2275 1301:
893 2233 932 2275 τί
968 2232 1075 2284 δῆτά
1117 2247 1167 2284 με
1205 2235 1279 2284 ζῆν
1320 2236 1402 2285 δεῖ;
1448 2242 1491 2274 et
1534 2235 1780 2286 Polyxenam

269 2301 371 2340 Hee.
403 2303 507 2340 349:
537 2299 576 2341 τί
604 2298 686 2351 γάρ
715 2312 766 2350 με
787 2301 851 2341 δεῖ
880 2302 975 2351 Ζῆν;
1008 2300 1035 2354 ᾗ
1064 2300 1202 2351 πατὴρ
1234 2301 1310 2352 μὲν
1337 2300 1390 2352 ἦν
1420 2299 1525 2343 ἄναξ
1553 2308 1645 2347 etc„
1674 2314 1780 2350 quae

270 2367 473 2407 sententia
503 2368 717 2418 quominus
747 2368 805 2407 sic
833 2369 1061 2408 efferretur:
1103 2366 1142 2409 τί
1170 2367 1251 2419 γὰρ
1276 2367 1349 2419 ἐμὲ
1379 2370 1442 2410 δεῖ
1470 2369 1556 2418 ζῆν,
1585 2370 1680 2407 nihil
1706 2370 1779 2407 ob-

270 2436 418 2475 stabat.
469 2436 608 2475 Adeas
629 2436 808 2487 denique
828 2436 914 2476 Alc.
934 2438 1034 2476 960:
1053 2433 1224 2477 τοιάνδε
1245 2434 1355 2487 πρὸς
1376 2436 1543 2476 κακοῖσι
1563 2433 1748 2486 κληδόνα
1775 2433 1780 2487 Ι

270 2501 362 2545 ἕξω.
390 2501 429 2544 τί
458 2515 528 2553 μοι
556 2505 631 2553 ζῆν
660 2504 768 2553 δῆτα
793 2502 953 2555 κύδιον,
982 2502 1117 2554 φίλοις
1157 2505 1267 2543 Med.
1300 2506 1377 2543 798
1402 2501 1499 2544 ἴτω·
1538 2502 1576 2544 τί
1606 2515 1675 2552 μοι
1701 2505 1777 2552 ζῆν

269 2568 443 2620 κέρδος;
472 2569 593 2620 Soph.
625 2569 688 2609 Ai.
718 2572 798 2610 393
829 2567 976 2621 εὔχου·
1014 2568 1053 2610 τί
1080 2569 1162 2620 γὰρ
1198 2570 1261 2610 δεῖ
1285 2570 1360 2619 ζῆν
1390 2581 1439 2619 με
1468 2570 1551 2610 σοῦ
1581 2568 1779 2619 τεθνηκό-

271 2648 358 2687 τος,
388 2637 456 2675 ubi
486 2648 536 2686 με
578 2637 828 2676 intolerabile
871 2643 995 2682 esset,
1041 2638 1117 2676 nisi
1154 2641 1309 2676 summa
1338 2637 1602 2687 oppositionis
1634 2638 1674 2675 in
1703 2637 1779 2686 ζῆν

271 2709 311 2741 et
339 2700 595 2753 τεθνηκότος
622 2709 849 2741 versaretur
866 2700 892 2742 ¹.
935 2703 1058 2741 Haud
1078 2703 1196 2752 igitur
1215 2704 1358 2741 dubito
1377 2703 1472 2753 quin
1492 2703 1781 2742 Andromacha

272 2782 432 2821 quoque
462 2770 683 2820 Euripidea
711 2770 820 2809 hunc
848 2771 888 2808 in
916 2771 1085 2809 modum
1118 2772 1238 2808 verba
1269 2770 1425 2808 fecerit:

405 2865 420 2890 ²
443 2869 524 2902 Eur.
551 2868 610 2903 Or.
638 2869 731 2904 1070
755 2868 787 2904 εἰ
811 2870 879 2913 Ζῆν
904 2879 948 2912 με
972 2869 1120 2913 χρῄζειν
1145 2871 1213 2903 σοῦ
1239 2868 1419 2909 θανόντος
1442 2869 1611 2911 ἤλπισας.
