2047 3253
995 155 1019 191 9

461 270 590 323 οἴμοι·
621 271 833 313 πέπυσται
860 270 936 312 τὸν
966 270 1070 322 ἐμὸν
1098 270 1271 313 ἔκθετον
1299 270 1449 320 γόνον;

458 339 592 382 πόθεν
617 340 732 390 ποτ’;
762 337 799 380 ὦ
828 337 1055 390 δύστηνος,
1084 338 1146 391 ὡς
1176 337 1418 390 ἀπωλόμην.

264 409 325 447 Ac
356 416 465 447 recte
495 409 660 458 quidem
689 408 730 445 in
759 405 973 447 πέπυσται
992 407 1037 446 L.
1059 407 1290 445 Dindorfius
1317 408 1500 451 offendit,
1532 409 1644 445 cuius
1675 407 1774 444 haec

265 481 358 513 sunt
386 475 529 515 verba:
555 468 682 521 ‘Quis
712 475 879 512 tandem
902 471 1141 514 πέπυσταιὲ
1170 474 1432 513 Menelausne
1453 487 1506 512 an
1526 471 1773 512 Hermiona?

264 542 477 580 Enimvero
508 541 641 587 ambo,
685 547 727 578 ut
761 541 801 577 in
838 541 1097 589 praecedenti
1130 552 1243 578 versu
1270 547 1332 579 est
1362 538 1537 581 κτείνειν
1570 538 1774 589 μέλλουσι

265 614 307 647 et
336 609 484 658 ubique
513 620 587 659 per
615 613 744 646 totam
772 607 881 654 hanc
909 620 1110 648 scaenam.
1170 608 1339 647 Vitiosa.
1366 609 1486 658 igitur
1526 609 1656 646 oratio
1696 614 1772 653 est,

264 679 368 725 quae
407 687 457 713 ex
495 675 654 713 duobus
696 686 866 724 quorum
903 676 1052 713 eodem
1089 681 1259 725 uterque
1295 676 1379 712 iure
1417 675 1595 724 intellegi
1625 682 1773 726 potest,

264 753 387 779 unum
416 748 611 780 memorat
640 753 719 779 nec
748 748 883 779 tamen
908 732 1121 784 nominat'.
1182 742 1364 780 Dindorfi
1390 742 1584 779 iudicium
1610 749 1773 780 secutus

264 808 469 846 Nauckius
499 809 605 846 bene
634 819 775 845 eorum
798 808 1011 858 opiniones
1032 809 1248 858 redarguit,
1279 809 1345 858 qui
1365 806 1579 848 πέπυσται
1599 810 1653 851 ad
1672 808 1773 847 Her-

263 876 440 914 mionam
470 882 653 925 spectare
683 866 1235 922 conterrderantt‘Einmal’,
1266 876 1405 927 inquit,
1431 868 1561 913 ‘ware
1591 888 1637 914 es
1662 877 1773 914 dann

264 943 303 981 in
334 944 408 980 der
427 942 626 992 Orclnung
654 954 842 991 gewesen
870 954 919 979 zu
949 939 1160 982 πέπυσται
1193 943 1267 980 das
1288 942 1478 980 fehlende
1500 942 1666 992 Subjekt
1687 943 1774 981 hin-

262 1009 499 1058 zuzufiigen,
528 1010 689 1047 sodann
719 1010 816 1046 aber
845 1012 961 1057 wilre,
996 1022 1110 1047 wenn
1143 1022 1187 1047 es
1211 1016 1315 1046 etwa
1336 1010 1468 1047 hiesse
1489 1006 1554 1058 ἆρ’
1572 1003 1771 1058 Ἑρμιόνη

262 1073 488 1122 πέπυσται,
518 1076 586 1114 die
607 1075 923 1126 Beschrankung
952 1071 1025 1114 auf
1042 1076 1260 1115 Hermione
1289 1089 1390 1126 ganz
1422 1076 1666 1115 wunderlich
1689 1078 1772 1115 und

262 1143 407 1181 hochst
424 1133 705 1181 unerklarlich'
729 1140 841 1190 (Eur.
865 1143 979 1184 Stud.
1000 1144 1037 1181 lI
1057 1156 1095 1193 p.
1116 1145 1197 1190 89).
1259 1143 1528 1181 Consentiunt
1557 1144 1676 1193 igitur
1702 1145 1771 1181 viri

264 1210 487 1249 doctissimi
516 1210 557 1248 in
587 1211 804 1249 statuenda
834 1211 1071 1261 corruptela,
1116 1212 1156 1248 in
1192 1223 1306 1249 versu
1345 1212 1584 1260 corrigendo
1615 1211 1772 1250 dissen-

265 1278 377 1317 tiunt.
436 1278 549 1316 Alter
577 1278 685 1315 enim
714 1275 904 1318 πέπυσθε
933 1279 1073 1328 reponi
1109 1279 1236 1323 iussit,
1281 1279 1381 1316 alter
1407 1278 1609 1316 Nauckius
1639 1276 1771 1318 πέπυ-

264 1346 385 1392 σθον,
431 1346 545 1394 quod
580 1345 739 1383 etiamsi
773 1336 901 1395 magis
938 1346 1110 1390 adridet,
1155 1352 1292 1383 tamen
1329 1357 1469 1382 vereor
1503 1352 1547 1383 ut
1577 1346 1627 1383 ab
1663 1346 1771 1383 omni

265 1417 379 1463 parte
418 1412 652 1451 satisfaciat.
709 1411 902 1450 Nimirum
941 1424 1011 1450 cur
1048 1412 1190 1450 librarii
1224 1409 1448 1452 πέπυσθον
1483 1412 1523 1450 in
1559 1410 1770 1453 πέπυσται

265 1480 526 1528 corruperint,
570 1491 652 1517 non
680 1479 887 1529 pervideo,
919 1492 1010 1516 cum
1039 1491 1167 1528 neque
1197 1480 1289 1517 alibi
1320 1480 1416 1517 talia
1446 1479 1615 1517 confusa
1645 1492 1769 1529 appa-

264 1551 379 1583 reant
409 1557 541 1594 neque
571 1557 665 1583 vero
696 1545 914 1583 litterarum
951 1546 1030 1583 ulla
1066 1546 1116 1584 sit
1152 1545 1380 1584 similitudo.
1439 1545 1573 1592 Quare
1603 1546 1770 1584 circum-

263 1612 512 1662 spiciendum
543 1618 605 1649 est
635 1624 687 1650 an
715 1612 797 1649 fieri
825 1613 956 1662 possit
987 1619 1029 1650 ut
1059 1613 1135 1650 alio
1166 1613 1331 1650 artificio
1360 1612 1585 1650 sententiae
1607 1624 1769 1650 succur-

263 1690 406 1718 ramus,
464 1678 609 1716 Exstat
639 1690 786 1727 versuS‚
822 1691 904 1729 quo
934 1691 1040 1717 nunc
1071 1679 1217 1728 legitur
1247 1680 1338 1717 loco
1363 1679 1508 1717 saltem
1532 1692 1772 1729 supervaca-

262 1758 362 1785 neus
394 1746 462 1786 73:
492 1746 601 1784 hunc
630 1751 723 1796 post
754 1747 805 1785 69
836 1745 990 1784 colloca
1021 1752 1061 1784 et
1090 1747 1224 1784 omnia
1255 1747 1375 1796 plana
1405 1752 1539 1784 erunt:

312 1811 429 1854 ΘΕΡ.
457 1811 533 1854 τὸν
562 1810 695 1857 παῖδά
724 1820 805 1853 σου
836 1811 1075 1863 μέλλουσιν,
1106 1810 1141 1853 ὦ
1172 1811 1357 1863 δύστηνε
1387 1812 1458 1864 σύ,

376 1882 427 1920 69
458 1878 646 1930 κτείνειν,
677 1877 728 1920 ὃν
757 1877 837 1921 ἔξω
866 1876 1071 1929 δωμάτων
1100 1877 1328 1921 ὑπεξέθου·

315 1979 318 1981 .
380 1948 429 1986 73
459 1935 653 1996 φροῦδος
683 1945 719 1987 δ’
750 1943 815 1986 ἐπ’
847 1943 979 1986 αὐτὸν
1008 1943 1236 1996 Μενέλεως
1265 1944 1408 1996 δόμων
1438 1944 1535 1987 ἄπο.

272 2010 355 2053 ΑΝ.
379 2013 430 2052 70
459 2009 588 2063 οἴμοι·
618 2011 832 2053 πέπυσται
861 2011 937 2053 τὸν
967 2011 1071 2062 ἐμὸν
1101 2010 1273 2053 ἔκθετον
1301 2010 1454 2061 γόνον;

449 2078 591 2121 ’πόθεν
619 2082 732 2126 ποτ’;
763 2077 798 2120 ὦ
827 2078 1054 2130 δύστηνος,
1083 2078 1144 2134 ὡς
1175 2077 1417 2131 ἀπωλόμην.

263 2148 395 2187 Video
433 2154 571 2187 autem
609 2154 795 2198 paratum
831 2160 921 2187 esse
958 2155 1237 2199 argumentum
1283 2161 1362 2199 quo
1406 2150 1640 2188 coniectura
1686 2162 1775 2188 mea

264 2216 583 2261 commendetur,
620 2216 796 2266 positum
825 2216 868 2253 id
898 2217 1062 2266 quidem
1093 2216 1133 2254 in
1162 2217 1336 2255 numeris
1373 2217 1515 2266 quibus
1551 2224 1639 2255 tota
1675 2218 1775 2256 haec

264 2295 414 2321 scaena
443 2283 485 2320 in
514 2283 636 2321 fixum
661 2283 846 2321 ordinem
876 2284 1045 2321 redacta
1071 2291 1145 2323 est.
1205 2283 1323 2322 Cerni
1358 2285 1468 2334 apud
1506 2286 1680 2335 tragicos
1714 2286 1773 2322 in—

263 2350 424 2388 terdum
465 2339 894 2399 studium“quoddam
939 2351 1061 2388 etiam
1104 2351 1282 2389 diverbia
1325 2352 1391 2390 via
1431 2364 1478 2389 ac
1522 2351 1678 2390 ratione
1719 2352 1774 2389 ita

263 2417 510 2467 disponendi
540 2423 584 2454 ut
613 2423 816 2455 certorum
844 2417 1112 2455 membrorum
1140 2419 1265 2456 modo
1295 2419 1485 2468 perplexa
1504 2419 1630 2467 magis
1650 2420 1774 2456 modo

263 2483 393 2521 minus
423 2483 635 2521 elaborata
664 2483 926 2532 congruentia
963 2485 1168 2530 evaderet,
1212 2496 1302 2522 cum
1337 2485 1403 2522 alii
1440 2485 1553 2522 multi
1586 2485 1773 2523 observa-

263 2557 368 2595 runt,
412 2556 497 2599 tum
537 2551 738 2600 Euripidis
781 2550 822 2588 in
862 2550 940 2588 hac
960 2546 962 2548 ’
984 2563 1027 2589 re
1067 2551 1292 2600 elegantias
1330 2552 1377 2590 R.
1407 2551 1600 2589 Hirzelius
1619 2548 1633 2576 1
1674 2552 1773 2589 libro

262 2617 455 2668 peculiari
474 2622 711 2668 persecutus
732 2623 805 2657 est.
862 2618 924 2655 Ac
955 2629 1197 2669 quamquam
1227 2618 1332 2655 bene
1361 2618 1444 2655 scio
1475 2618 1536 2655 vix
1566 2630 1658 2656 esse
1684 2631 1773 2657 ma-

264 2684 404 2723 teriam
434 2689 517 2722 tam
546 2684 735 2723 lubricam
756 2690 878 2734 atque
898 2685 1022 2722 etiam
1043 2686 1228 2723 odiosam
1249 2685 1376 2722 cautis
1398 2685 1605 2730 iudicibus,
1635 2691 1774 2724 tamen

263 2749 396 2788 facere
426 2762 509 2787 non
538 2762 704 2800 possum
745 2751 852 2800 quin*
876 2750 1083 2789 hominum
1117 2752 1329 2789 doctorum
1365 2751 1501 2789 oculos
1540 2758 1772 2790 convertam

394 2892 407 2916 ¹
433 2894 478 2927 de
503 2893 682 2938 Euripidis
707 2894 744 2927 in
769 2895 1017 2938 componendis
1043 2895 1205 2928 diverbiis
1231 2899 1315 2929 arte.
1340 2894 1436 2938 Lips.
1464 2894 1565 2929 1862.
