2047 3253
983 162 1031 204 26

357 282 506 324 Bacch.
540 284 619 324 439
650 283 799 332 γελῶν,
819 281 867 324 δὲ
899 281 969 324 καὶ
996 283 1085 325 δεῖν
1115 280 1318 333 κάπάγειν
1345 281 1502 334 ἐφίετο.

393 351 479 391 Ion.
512 352 618 390 1513
641 349 715 395 ικαὶ
743 351 1007 400 δυστυχῆσαι
1037 349 1182 401 καῦθις
1213 349 1267 391 αὖ
1296 351 1450 400 πρᾶξαι
1479 351 1634 402 καλῶς.

418 417 616 461 ·Οι·.,525
646 414 672 457 ὃ
701 414 802 456 καὶ1
828 417 909 466 γῆν
941 415 1010 458 καὶ
1037 415 1183 468 πόλεις
1213 414 1362 458 ὄλλυσ’
1394 414 1472 458 ἀεί.
1585 473 1587 475 ³
1718 454 1720 457 Α

356 485 506 524 Phoen.
536 485 615 526 495
646 481 757 524 ἀλλὰ
786 482 854 524 καὶ
883 484 1044 535 σοφοῖς
1079 481 1084 536 Ι
1113 483 1180 525 καὶ
1199 484 1320 525 ,τοῖσι
1349 482 1534 534 φαύλοις
1564 482 1692 533 ἔνδιχ’

462 550 507 590 fr.
538 551 616 590 729
648 547 761 600 εἰκὸς
792 549 839 591 δὲ
869 549 994 591 παντὶ
1023 549 1091 592 καὶ
1121 549 1235 604 λόγῳ
1266 549 1334 591 καὶ
1363 552 1528 603 μηχανῇ

416 617 460 657 fr.
493 618 617 668 1⁰483
647 615 716 656 καὶ
744 617 821 657 τοῦ
851 616 1026 658 δικαίου
1043 615 1110 657 καὶ
1141 615 1281 665 τόκων
1310 617 1395 658 τῶν
1425 618 1517 657 σῶν
1546 614 1669 665 χάριν

345 683 501 722 Hecab.
534 685 610 723 751
643 683 805 732 τολμᾶν
836 680 1010 733 ἀνάγκη,
1040 682 1119 725 κᾶν
1148 682 1260 734 τύχω
1288 682 1366 725 κᾶν
1391 683 1448 733 ’μὴ
1479 681 1592 732 τύχω

280 750 365 798 Iph.
387 751 477 790 Aul.
510 751 614 789 1271
847 770 895 777 -
927 748 1005 789 κᾶν
1035 749 1145 790 θέλω
1175 749 1268 797 κᾶν,
1285 749 1338 800 μὴ
1369 749 1480 797 θέλω

353 815 504 858 Troad.
535 818 615 861 647
778 828 781 829 ’
845 838 897 846 -—-
928 815 1006 859 κᾶν
1036 819 1177 872 προσῇ
1210 816 1288 860 κᾶν
1319 817 1372 868 μὴ
1403 818 1546 870 προσῇ

352 885 506 924 Troad.
538 886 616 924 915
781 883 858 924 κᾶν
889 882 935 924 εὖ
966 883 1044 924 κᾶν
1074 885 1214 933 κακῶς
1244 882 1354 931 δόξω
1385 883 1535 931 λέγειν.

416 951 503 992 Alc.
536 952 615 992 329
646 948 715 992 καὶ
745 950 890 993 ζῶσαν
921 946 1035 1001 εἶχον
1065 948 1133 992 καὶ
1162 946 1340 992 θανοῦσ’
1371 948 1447 1001 ἐμὴ
1479 949 1584 1000 γυνὴ
1617 946 1623 1003 Ι
1658 947 1765 1001 μόνη

727 1036 729 1038 v
1150 1030 1153 1032 ’
1441 1017 1637 1066 κεκλήσει

372 1083 532 1125 Hercul.
564 1085 610 1125 91
647 1082 715 1125 καὶ
743 1085 851 1139 τῷδε
882 1082 1014 1135 χαίρω
1044 1083 1111 1125 καὶ
1140 1085 1253 1135 φιλῶ
1283 1083 1363 1135 τὰς
1394 1083 1567 1134 ἐλπίδας

368 1151 533 1201 Hippol,
563 1154 617 1191 85
647 1150 718 1191 σοὶ
750 1151 818 1202 καὶ
847 1150 1002 1201 ξύνειμι
1035 1150 1102 1191 καὶ
1131 1150 1278 1201 λόγοις
1309 1148 1349 1191 σ’
1380 1149 1615 1202 ἀμείβομαι.

313 1218 398 1268 Iph.
429 1218 478 1258 T.
513 1220 618 1259 1009
650 1217 719 1259 καὶ
746 1219 820 1268 ζῆν
849 1215 1006 1268 θέλοιμ’
1038 1216 1091 1259 ἂν
1121 1217 1188 1259 καὶ
1215 1217 1358 1259 θανὼν
1389 1218 1535 1268 λαχεῖν
1565 1216 1666 1258 ἴσον

393 1285 505 1323 Med.
540 1287 618 1325 777
648 1283 708 1335 ὥς
741 1284 808 1326 καὶ
837 1286 953 1326 δοκεῖ
980 1298 1049 1335 μοι
1077 1286 1210 1326 ταῦτα
1240 1284 1308 1325 καὶ
1338 1285 1481 1335 καλῶς
1510 1283 1598 1334 ἔχει

462 1352 505 1391 fr.
537 1354 615 1391 362
649 1350 676 1392 ἃ
706 1351 773 1392 καὶ
804 1350 980 1402 μάχοιτο
1010 1351 1080 1392 καὶ
1107 1349 1197 1402 μετ’
1228 1350 1436 1402 ἀνδράσιν
1465 1351 1617 1402 πρέποι

460 1419 504 1456 fr.
537 1420 616 1458 367
648 1416 715 1458 καὶ
744 1418 809 1459 δεῖ
837 1417 919 1468 γὰρ
948 1417 1080 1468 αὐτῆς
1111 1416 1260 1459 κᾶστιν
1290 1416 1344 1458 αὖ
1375 1417 1506 1458 κακὸν
1536 1417 1643 1467 μέγα
1658 1418 1686 1458 ².

421 1484 465 1523 fr.
497 1486 613 1537 90111
644 1483 715 1525 σοὶ
745 1484 783 1525 δ’
813 1483 948 1533 ἔγωγε
970 1484 1038 1525 καὶ
1058 1485 1258 1526 νοσοῦντι
1278 1481 1544 1526 συννοσοῦσ’
1566 1482 1766 1534 ἀνέξομαι

646 1550 715 1592 καὶ
744 1552 886 1592 κακῶν
916 1553 1001 1593 τῶν
1030 1551 1121 1592 σῶν
1150 1549 1346 1593 ξυνοίσω.

251 1619 299 1657 In
327 1620 575 1669 anapaestis:

252 1730 254 1733 ¹
296 1740 299 1743 Ι
414 1686 501 1726 Alc.
533 1688 613 1729 278
644 1685 692 1727 ἐν
721 1686 794 1728 σοὶ
823 1685 859 1728 δ’
891 1686 1022 1736 ἐσμὲν
1053 1685 1121 1727 καὶ
1150 1687 1227 1735 ζῆν
1256 1685 1325 1726 καὶ
1356 1684 1422 1735 μή.

367 1753 476 1794 Med.
509 1755 614 1794 1409
645 1752 747 1795 τάδε
778 1753 846 1794 καὶ
876 1756 1018 1804 θρηνῶ
1048 1751 1287 1795 κάπιθεάζω

426 1807 499 1860 xfr.
531 1823 614 1862 910
646 1819 755 1871 πρὸς
787 1820 918 1871 ταῦτ’,
949 1819 988 1870 ὅ,
1017 1833 1055 1861 τι
1084 1824 1176 1872 χρῇ,
1206 1820 1274 1861 καὶ
1303 1818 1573 1866 παλαμάσθω

643 1886 711 1927 καὶ
741 1888 827 1928 πᾶν
857 1886 920 1928 ἐπ’
951 1886 1044 1937 ἐμοὶ
1074 1885 1358 1928 τεκταινέσθω

246 1954 292 1993 In
322 1955 514 1994 canticis:
930 1964 934 1968 '

414 2022 499 2060 Alc.
530 2023 610 2062 278
640 2021 725 2070 ἐγὼ
755 2022 823 2063 καὶ
852 2021 922 2063 διὰ
952 2020 1118 2073 μούσας
1150 2020 1156 2073 1
1183 2020 1252 2062 καὶ
1281 2019 1511 2072 μετάρσιος
1539 2019 1619 2074 ῇξα

306 2090 501 2128 Androm.
533 2092 608 2129 791
643 2088 840 2138 πείθομαι
869 2089 937 2130 καὶ
965 2088 1046 2130 σὺν
1077 2087 1306 2130 Λαπίθαισί
1333 2097 1386 2129 σε
1417 2085 1675 2136 Κενταύροις

642 2154 853 2207 ὁμιλῆσαι·
873 2178 926 2184 -
958 2179 1008 2184 -

257 2267 260 2270 ,
643 2222 712 2264 καὶ
740 2222 805 2264 ἐπ’
838 2216 1032 2277 Ἀργῲου
1063 2222 1194 2273 δορὸς
1227 2243 1269 2250 —
1305 2221 1540 2272 ἐκπερᾶσαι

335 2287 473 2342 s'uppl.
505 2293 610 2332 1079
642 2289 711 2331 καὶ
741 2289 895 2331 σὺκαὶ
923 2289 1047 2340 πόλις
1077 2288 1157 2340 ἐμὰ
1185 2288 1356 2339 τλάμων

338 2359 499 2398 vTroad.
532 2360 610 2398 175
640 2356 709 2398 καὶ
738 2357 897 2408 ζῶντες
925 2356 993 2398 καὶ
1023 2356 1256 2407 δμαθέντες

340 2426 495 2465 Phoen.
527 2428 607 2466 266
640 2423 810 2469 κάκεῖσε
841 2424 910 2466 καὶ
939 2424 989 2466 τὸ
1020 2425 1147 2476 δεῦρο

348 2493 498 2531 Phoen.
530 2495 610 2542 313
641 2491 709 2532 καὶ
739 2492 874 2542 χερσὶ,
890 2491 959 2532 καὶ
989 2491 1156 2540 λόγοισι

481 2558 525 2598 fr.
557 2561 608 2599 79
638 2558 820 2607 γυναῖκα
848 2557 916 2598 καὶ
945 2555 1138 2608 ὠφελίαν

641 2624 709 2665 καὶ
738 2623 875 2666 νόσον
906 2624 1027 2675 ἀνδρὶ
1054 2624 1215 2675 φέρειν.

414 2692 460 2733 fr.
493 2695 609 2745 7753⁹
640 2691 713 2743 ἐμὲ
744 2691 812 2734 καὶ
839 2691 889 2734 τὸ
919 2690 1082 2734 δίκαιον
1111 2689 1204 2741 ἄγει
1233 2690 1302 2733 καὶ
1332 2689 1453 2743 ἔρως.

245 2761 420 2800 Primum
446 2761 567 2811 igitur
595 2767 764 2811 apparet
784 2761 979 2810 particula
998 2760 1205 2810 geminata
1232 2761 1469 2810 plerumque
1500 2761 1551 2798 ab
1573 2759 1765 2810 Euripide

248 2855 313 2863 μη,
332 2858 355 2860 ,1
370 2857 505 2860 1.-Ᾱγμ

379 2903 393 2928 ¹
418 2906 487 2943 καὶ,
502 2906 580 2940 sort.
606 2918 654 2936 =
678 2900 837 2943 ‘‚etiam²·.
1001 2902 1035 2943 ⁴2
1055 2904 1214 2943 dubium.
