<?xml version="1.0" encoding="UTF-8"?>
<!DOCTYPE html PUBLIC "-//W3C//DTD XHTML 1.0 Transitional//EN"
    "http://www.w3.org/TR/xhtml1/DTD/xhtml1-transitional.dtd">
<html xmlns="http://www.w3.org/1999/xhtml" xml:lang="en" lang="en">
 <head>
  <title>
</title>
<meta http-equiv="Content-Type" content="text/html;charset=utf-8" />
  <meta name='ocr-system' content='tesseract 3.04.00' />
  <meta name='ocr-capabilities' content='ocr_page ocr_carea ocr_par ocr_line ocrx_word'/>
</head>
<body>
  <div class='ocr_page' id='page_1' title='image "4737823_0038.png"; bbox 0 0 2047 3253; ppageno 0'>
   <div class='ocr_carea' id='block_1_1' title="bbox 926 157 1050 200">
    <p class='ocr_par' dir='ltr' id='par_1_1' title="bbox 926 157 1050 200">
     <span class='ocr_line' id='line_1_1' title="bbox 926 157 1050 200; baseline 0 0"><span class='ocrx_word' id='word_1_1' title='bbox 926 180 929 184; x_wconf 94' lang='lat'>·</span> <span class='ocrx_word' id='word_1_2' title='bbox 1002 157 1050 200; x_wconf 81' lang='lat'><strong>30</strong></span> 
     </span>
    </p>
   </div>
   <div class='ocr_carea' id='block_1_2' title="bbox 277 260 1799 991">
    <p class='ocr_par' dir='ltr' id='par_1_2' title="bbox 278 260 1799 662">
     <span class='ocr_line' id='line_1_2' title="bbox 278 260 1799 347; baseline 0.002 -36"><span class='ocrx_word' id='word_1_3' title='bbox 278 277 376 312; x_wconf 83' lang='lat' dir='ltr'><strong>stat.</strong></span> <span class='ocrx_word' id='word_1_4' title='bbox 421 273 575 333; x_wconf 82' lang='lat' dir='ltr'><strong>Quare</strong></span> <span class='ocrx_word' id='word_1_5' title='bbox 595 275 726 318; x_wconf 77' lang='lat' dir='ltr'><strong>tribus</strong></span> <span class='ocrx_word' id='word_1_6' title='bbox 757 276 804 315; x_wconf 87' lang='lat' dir='ltr'><strong>iis</strong></span> <span class='ocrx_word' id='word_1_7' title='bbox 820 276 945 347; x_wconf 74' lang='grc' dir='ltr'><strong>Ιοοίε,</strong></span> <span class='ocrx_word' id='word_1_8' title='bbox 974 269 1118 328; x_wconf 82' lang='lat' dir='ltr'><strong>quibus</strong></span> <span class='ocrx_word' id='word_1_9' title='bbox 1146 260 1258 318; x_wconf 74' lang='grc' dir='ltr'>νεῶν</span> <span class='ocrx_word' id='word_1_10' title='bbox 1286 276 1327 314; x_wconf 88' lang='lat' dir='ltr'><strong>in</strong></span> <span class='ocrx_word' id='word_1_11' title='bbox 1356 275 1526 314; x_wconf 80' lang='lat' dir='ltr'><strong>exordio</strong></span> <span class='ocrx_word' id='word_1_12' title='bbox 1550 274 1718 314; x_wconf 83' lang='lat' dir='ltr'>trimetri</span> <span class='ocrx_word' id='word_1_13' title='bbox 1736 273 1799 314; x_wconf 86' lang='lat' dir='ltr'><strong>in·</strong></span> 
     </span>
     <span class='ocr_line' id='line_1_3' title="bbox 281 330 1799 394; baseline 0.003 -16"><span class='ocrx_word' id='word_1_14' title='bbox 281 341 391 380; x_wconf 85' lang='lat' dir='ltr'><strong>veni:</strong></span> <span class='ocrx_word' id='word_1_15' title='bbox 415 330 611 393; x_wconf 85' lang='lat' dir='ltr'><strong>Aeschyl.</strong></span> <span class='ocrx_word' id='word_1_16' title='bbox 640 343 783 394; x_wconf 81' lang='lat' dir='ltr'><strong>Agam.</strong></span> <span class='ocrx_word' id='word_1_17' title='bbox 814 357 854 383; x_wconf 83' lang='lat' dir='ltr'><strong>v.-</strong></span> <span class='ocrx_word' id='word_1_18' title='bbox 881 346 998 391; x_wconf 87' lang='lat'>1181,</span> <span class='ocrx_word' id='word_1_19' title='bbox 1028 344 1125 383; x_wconf 86' lang='lat' dir='ltr'><strong>Eur.</strong></span> <span class='ocrx_word' id='word_1_20' title='bbox 1155 343 1256 383; x_wconf 89' lang='lat' dir='ltr'><strong>Hec.</strong></span> <span class='ocrx_word' id='word_1_21' title='bbox 1286 355 1323 382; x_wconf 91' lang='lat' dir='ltr'><strong>v.</strong></span> <span class='ocrx_word' id='word_1_22' title='bbox 1350 344 1445 389; x_wconf 85' lang='lat'><strong>540,</strong></span> <span class='ocrx_word' id='word_1_23' title='bbox 1476 342 1618 383; x_wconf 87' lang='lat' dir='ltr'><strong>Helen</strong></span> <span class='ocrx_word' id='word_1_24' title='bbox 1649 355 1682 382; x_wconf 91' lang='lat' dir='ltr'><strong>v.</strong></span> <span class='ocrx_word' id='word_1_25' title='bbox 1701 344 1799 388; x_wconf 85' lang='lat'><strong>875,</strong></span> 
     </span>
     <span class='ocr_line' id='line_1_4' title="bbox 279 406 1796 462; baseline 0.002 -17"><span class='ocrx_word' id='word_1_26' title='bbox 279 407 316 445; x_wconf 80' lang='lat' dir='ltr'><strong>si</strong></span> <span class='ocrx_word' id='word_1_27' title='bbox 342 408 455 458; x_wconf 82' lang='lat' dir='ltr'><strong>quid·</strong></span> <span class='ocrx_word' id='word_1_28' title='bbox 467 408 713 449; x_wconf 67' lang='lat' dir='ltr'><strong>mutandum</strong></span> <span class='ocrx_word' id='word_1_29' title='bbox 730 406 776 461; x_wconf 81' lang='lat'><strong>¹,&#39;</strong></span> <span class='ocrx_word' id='word_1_30' title='bbox 802 410 920 452; x_wconf 85' lang='grc' dir='ltr'><strong>ναῶν</strong></span> <span class='ocrx_word' id='word_1_31' title='bbox 956 423 1147 451; x_wconf 87' lang='lat' dir='ltr'><strong>revocare</strong></span> <span class='ocrx_word' id='word_1_32' title='bbox 1183 410 1418 462; x_wconf 87' lang='lat' dir='ltr'><strong>praestabit.</strong></span> <span class='ocrx_word' id='word_1_33' title='bbox 1476 409 1600 448; x_wconf 84' lang='lat' dir='ltr'>Simili</span> <span class='ocrx_word' id='word_1_34' title='bbox 1631 410 1796 461; x_wconf 89' lang='lat' dir='ltr'><strong>quidem</strong></span> 
     </span>
     <span class='ocr_line' id='line_1_5' title="bbox 280 470 1799 528; baseline 0.001 -16"><span class='ocrx_word' id='word_1_35' title='bbox 280 470 439 514; x_wconf 86' lang='lat' dir='ltr'><strong>ratione</strong></span> <span class='ocrx_word' id='word_1_36' title='bbox 478 473 585 526; x_wconf 80' lang='grc' dir='ltr'>λαός</span> <span class='ocrx_word' id='word_1_37' title='bbox 623 488 808 515; x_wconf 82' lang='lat' dir='ltr'><strong>versuum</strong></span> <span class='ocrx_word' id='word_1_38' title='bbox 847 478 961 516; x_wconf 84' lang='lat' dir='ltr'><strong>initia</strong></span> <span class='ocrx_word' id='word_1_39' title='bbox 999 483 1199 528; x_wconf 87' lang='lat' dir='ltr'><strong>perpetuo</strong></span> <span class='ocrx_word' id='word_1_40' title='bbox 1241 477 1471 526; x_wconf 87' lang='lat' dir='ltr'><strong>occupavit;</strong></span> <span class='ocrx_word' id='word_1_41' title='bbox 1493 476 1503 484; x_wconf 91' lang='lat'>&#39;</span> <span class='ocrx_word' id='word_1_42' title='bbox 1518 482 1662 515; x_wconf 87' lang='lat' dir='ltr'><strong>eontra</strong></span> <span class='ocrx_word' id='word_1_43' title='bbox 1708 488 1799 514; x_wconf 94' lang='lat' dir='ltr'><strong>cum</strong></span> 
     </span>
     <span class='ocr_line' id='line_1_6' title="bbox 280 537 1796 597; baseline 0.001 -16"><span class='ocrx_word' id='word_1_44' title='bbox 280 538 393 597; x_wconf 80' lang='grc' dir='ltr'>Ζεύς</span> <span class='ocrx_word' id='word_1_45' title='bbox 422 537 609 581; x_wconf 81' lang='lat' dir='ltr'><strong>vocabuli</strong></span> <span class='ocrx_word' id='word_1_46' title='bbox 640 542 787 592; x_wconf 81' lang='lat' dir='ltr'><strong>duplici</strong></span> <span class='ocrx_word' id='word_1_47' title='bbox 817 548 1025 581; x_wconf 87' lang='lat' dir='ltr'><strong>uterentur</strong></span> <span class='ocrx_word' id='word_1_48' title='bbox 1053 543 1327 582; x_wconf 80' lang='lat' dir='ltr'>declinatione</span> <span class='ocrx_word' id='word_1_49' title='bbox 1344 539 1460 592; x_wconf 85' lang='grc' dir='ltr'>Διός,</span> <span class='ocrx_word' id='word_1_50' title='bbox 1483 539 1555 582; x_wconf 86' lang='grc' dir='ltr'>Διί</span> <span class='ocrx_word' id='word_1_51' title='bbox 1577 549 1616 581; x_wconf 89' lang='lat' dir='ltr'><strong>et</strong></span> <span class='ocrx_word' id='word_1_52' title='bbox 1637 539 1796 592; x_wconf 86' lang='grc' dir='ltr'>Ζηνός,</span> 
     </span>
     <span class='ocr_line' id='line_1_7' title="bbox 282 605 1447 662; baseline 0 -14"><span class='ocrx_word' id='word_1_53' title='bbox 282 605 403 656; x_wconf 83' lang='grc' dir='ltr'>Ζηνί,</span> <span class='ocrx_word' id='word_1_54' title='bbox 433 607 560 662; x_wconf 80' lang='lat' dir='ltr'><strong>semel</strong></span> <span class='ocrx_word' id='word_1_55' title='bbox 589 614 652 646; x_wconf 89' lang='lat' dir='ltr'><strong>est</strong></span> <span class='ocrx_word' id='word_1_56' title='bbox 681 609 793 657; x_wconf 84' lang='lat' dir='ltr'><strong>apud</strong></span> <span class='ocrx_word' id='word_1_57' title='bbox 823 609 1059 658; x_wconf 82' lang='lat' dir='ltr'>Euripidem</span> <span class='ocrx_word' id='word_1_58' title='bbox 1077 609 1247 648; x_wconf 87' lang='lat' dir='ltr'><strong>Orestis</strong></span> <span class='ocrx_word' id='word_1_59' title='bbox 1274 610 1313 648; x_wconf 69' lang='grc' dir='ltr'>νζ</span> <span class='ocrx_word' id='word_1_60' title='bbox 1342 610 1447 648; x_wconf 85' lang='grc'><strong>1635</strong></span> 
     </span>
    </p>

    <p class='ocr_par' dir='ltr' id='par_1_3' title="bbox 277 670 1797 991">
     <span class='ocr_line' id='line_1_8' title="bbox 477 670 1491 728; baseline 0 -14"><span class='ocrx_word' id='word_1_61' title='bbox 477 670 620 724; x_wconf 85' lang='grc' dir='ltr'>Ζηνὸς</span> <span class='ocrx_word' id='word_1_62' title='bbox 650 671 731 724; x_wconf 85' lang='grc' dir='ltr'><strong>γὰρ</strong></span> <span class='ocrx_word' id='word_1_63' title='bbox 759 670 898 715; x_wconf 85' lang='grc' dir='ltr'>οὖσαν</span> <span class='ocrx_word' id='word_1_64' title='bbox 927 675 1003 724; x_wconf 80' lang='grc' dir='ltr'>ζῇν</span> <span class='ocrx_word' id='word_1_65' title='bbox 1031 685 1097 716; x_wconf 93' lang='grc' dir='ltr'><strong>νιν</strong></span> <span class='ocrx_word' id='word_1_66' title='bbox 1128 671 1311 726; x_wconf 86' lang='grc' dir='ltr'>ἄφθιτον</span> <span class='ocrx_word' id='word_1_67' title='bbox 1341 672 1491 728; x_wconf 87' lang='grc' dir='ltr'>χρεών,</span> 
     </span>
     <span class='ocr_line' id='line_1_9' title="bbox 281 741 1794 793; baseline 0.001 -16"><span class='ocrx_word' id='word_1_68' title='bbox 281 747 324 779; x_wconf 83' lang='lat' dir='ltr'><strong>et</strong></span> <span class='ocrx_word' id='word_1_69' title='bbox 352 741 406 778; x_wconf 87' lang='lat' dir='ltr'><strong>ibi</strong></span> <span class='ocrx_word' id='word_1_70' title='bbox 435 741 599 790; x_wconf 84' lang='lat' dir='ltr'><strong>quidem</strong></span> <span class='ocrx_word' id='word_1_71' title='bbox 629 741 817 778; x_wconf 83' lang='lat' dir='ltr'><strong>consulto</strong></span> <span class='ocrx_word' id='word_1_72' title='bbox 845 747 1011 791; x_wconf 87' lang='lat' dir='ltr'><strong>propter</strong></span> <span class='ocrx_word' id='word_1_73' title='bbox 1031 741 1335 793; x_wconf 84' lang='lat' dir='ltr'><strong>etymologiam;</strong></span> <span class='ocrx_word' id='word_1_74' title='bbox 1366 741 1473 781; x_wconf 84' lang='lat' dir='ltr'><strong>conf.</strong></span> <span class='ocrx_word' id='word_1_75' title='bbox 1498 741 1676 780; x_wconf 86' lang='lat' dir='ltr'><strong>Platonis</strong></span> <span class='ocrx_word' id='word_1_76' title='bbox 1697 741 1794 779; x_wconf 87' lang='lat' dir='ltr'><strong>Cra-</strong></span> 
     </span>
     <span class='ocr_line' id='line_1_10' title="bbox 280 804 1797 865; baseline 0.001 -20"><span class='ocrx_word' id='word_1_77' title='bbox 280 807 350 857; x_wconf 88' lang='lat' dir='ltr'><strong>tyli</strong></span> <span class='ocrx_word' id='word_1_78' title='bbox 380 809 459 865; x_wconf 69' lang='grc'><strong>396</strong></span> <span class='ocrx_word' id='word_1_79' title='bbox 477 808 511 845; x_wconf 89' lang='lat' dir='ltr'>A</span> <span class='ocrx_word' id='word_1_80' title='bbox 542 804 582 846; x_wconf 87' lang='grc' dir='ltr'><strong>οἳ</strong></span> <span class='ocrx_word' id='word_1_81' title='bbox 602 805 690 856; x_wconf 76' lang='grc' dir='ltr'>μὲν</span> <span class='ocrx_word' id='word_1_82' title='bbox 717 805 799 857; x_wconf 86' lang='grc' dir='ltr'><strong>γὰρ</strong></span> <span class='ocrx_word' id='word_1_83' title='bbox 819 804 954 859; x_wconf 87' lang='grc' dir='ltr'>Ζῆνα,</span> <span class='ocrx_word' id='word_1_84' title='bbox 984 806 1025 847; x_wconf 85' lang='lat' dir='ltr'><strong>o‘i</strong></span> <span class='ocrx_word' id='word_1_85' title='bbox 1055 807 1103 848; x_wconf 85' lang='grc' dir='ltr'><strong>δὲ</strong></span> <span class='ocrx_word' id='word_1_86' title='bbox 1123 806 1210 848; x_wconf 89' lang='grc' dir='ltr'>Δία</span> <span class='ocrx_word' id='word_1_87' title='bbox 1234 808 1460 849; x_wconf 86' lang='grc' dir='ltr'>καλοῦσιν·</span> <span class='ocrx_word' id='word_1_88' title='bbox 1491 805 1695 863; x_wconf 11' lang='grc' dir='ltr'><strong>--Αού</strong></span> <span class='ocrx_word' id='word_1_89' title='bbox 1716 805 1797 858; x_wconf 85' lang='grc' dir='ltr'><strong>γὰρ</strong></span> 
     </span>
     <span class='ocr_line' id='line_1_11' title="bbox 280 870 1796 931; baseline 0.001 -18"><span class='ocrx_word' id='word_1_90' title='bbox 280 870 398 914; x_wconf 86' lang='grc' dir='ltr'>ἔστιν’</span> <span class='ocrx_word' id='word_1_91' title='bbox 426 871 523 923; x_wconf 81' lang='grc' dir='ltr'>ἡμῖν</span> <span class='ocrx_word' id='word_1_92' title='bbox 553 871 622 913; x_wconf 81' lang='grc' dir='ltr'>καὶ</span> <span class='ocrx_word' id='word_1_93' title='bbox 649 873 741 924; x_wconf 86' lang='grc' dir='ltr'>τοῖς</span> <span class='ocrx_word' id='word_1_94' title='bbox 777 870 925 924; x_wconf 83' lang='grc' dir='ltr'>ἄλλοις</span> <span class='ocrx_word' id='word_1_95' title='bbox 957 875 1103 920; x_wconf 83' lang='grc' dir='ltr'>πᾶσιν,</span> <span class='ocrx_word' id='word_1_96' title='bbox 1148 872 1271 926; x_wconf 88' lang='grc' dir='ltr'>ὅστις</span> <span class='ocrx_word' id='word_1_97' title='bbox 1307 873 1424 931; x_wconf 84' lang='grc' dir='ltr'>ἐστὶν</span> <span class='ocrx_word' id='word_1_98' title='bbox 1459 872 1594 925; x_wconf 85' lang='grc' dir='ltr'>αἴτιος</span> <span class='ocrx_word' id='word_1_99' title='bbox 1634 873 1796 923; x_wconf 90' lang='grc' dir='ltr'>μᾶλλον</span> 
     </span>
     <span class='ocr_line' id='line_1_12' title="bbox 277 934 1485 991; baseline 0.002 -12"><span class='ocrx_word' id='word_1_100' title='bbox 277 939 356 980; x_wconf 86' lang='grc' dir='ltr'><strong>τοῦ</strong></span> <span class='ocrx_word' id='word_1_101' title='bbox 385 940 461 988; x_wconf 85' lang='grc' dir='ltr'>ζῆν</span> <span class='ocrx_word' id='word_1_102' title='bbox 490 938 516 989; x_wconf 74' lang='grc' dir='ltr'>ἢ</span> <span class='ocrx_word' id='word_1_103' title='bbox 546 937 571 979; x_wconf 88' lang='grc' dir='ltr'>ὁ</span> <span class='ocrx_word' id='word_1_104' title='bbox 593 934 747 990; x_wconf 66' lang='grc' dir='ltr'>’ἄρχων</span> <span class='ocrx_word' id='word_1_105' title='bbox 775 952 821 981; x_wconf 85' lang='grc' dir='ltr'>τε</span> <span class='ocrx_word' id='word_1_106' title='bbox 853 940 921 981; x_wconf 85' lang='grc' dir='ltr'>καὶ</span> <span class='ocrx_word' id='word_1_107' title='bbox 953 940 1156 991; x_wconf 86' lang='grc' dir='ltr'>βασιλεὺς</span> <span class='ocrx_word' id='word_1_108' title='bbox 1183 942 1268 982; x_wconf 86' lang='grc' dir='ltr'>τῶν</span> <span class='ocrx_word' id='word_1_109' title='bbox 1297 939 1485 983; x_wconf 88' lang='grc' dir='ltr'>πάντων.</span> 
     </span>
    </p>
   </div>
   <div class='ocr_carea' id='block_1_3' title="bbox 274 1070 1795 2460">
    <p class='ocr_par' dir='ltr' id='par_1_4' title="bbox 276 1070 1795 1392">
     <span class='ocr_line' id='line_1_13' title="bbox 409 1070 1795 1127; baseline -0.001 -13"><span class='ocrx_word' id='word_1_110' title='bbox 409 1070 646 1123; x_wconf 83' lang='grc' dir='ltr'>Δεσπότης</span> <span class='ocrx_word' id='word_1_111' title='bbox 676 1086 838 1125; x_wconf 89' lang='lat' dir='ltr'><strong>nomen,</strong></span> <span class='ocrx_word' id='word_1_112' title='bbox 867 1087 960 1113; x_wconf 89' lang='lat' dir='ltr'><strong>cum</strong></span> <span class='ocrx_word' id='word_1_113' title='bbox 990 1076 1079 1113; x_wconf 89' lang='lat' dir='ltr'><strong>sine</strong></span> <span class='ocrx_word' id='word_1_114' title='bbox 1109 1081 1221 1113; x_wconf 85' lang='lat' dir='ltr'><strong>certa</strong></span> <span class='ocrx_word' id='word_1_115' title='bbox 1250 1075 1483 1115; x_wconf 87' lang='lat' dir='ltr'><strong>adiectione</strong></span> <span class='ocrx_word' id='word_1_116' title='bbox 1504 1075 1682 1127; x_wconf 81' lang='lat' dir='ltr'><strong>positum</strong></span> <span class='ocrx_word' id='word_1_117' title='bbox 1709 1087 1795 1124; x_wconf 88' lang='lat' dir='ltr'><strong>per·</strong></span> 
     </span>
     <span class='ocr_line' id='line_1_14' title="bbox 278 1141 1795 1192; baseline -0.001 -13"><span class='ocrx_word' id='word_1_118' title='bbox 278 1154 422 1182; x_wconf 87' lang='lat' dir='ltr'><strong>sonam</strong></span> <span class='ocrx_word' id='word_1_119' title='bbox 457 1147 593 1187; x_wconf 88' lang='lat' dir='ltr'><strong>notat,</strong></span> <span class='ocrx_word' id='word_1_120' title='bbox 639 1153 861 1192; x_wconf 86' lang='lat' dir='ltr'><strong>numquam</strong></span> <span class='ocrx_word' id='word_1_121' title='bbox 897 1143 949 1180; x_wconf 89' lang='lat' dir='ltr'><strong>ab</strong></span> <span class='ocrx_word' id='word_1_122' title='bbox 986 1142 1180 1192; x_wconf 82' lang='lat' dir='ltr'><strong>Euripide</strong></span> <span class='ocrx_word' id='word_1_123' title='bbox 1216 1143 1269 1181; x_wconf 88' lang='lat' dir='ltr'><strong>de</strong></span> <span class='ocrx_word' id='word_1_124' title='bbox 1306 1143 1387 1187; x_wconf 87' lang='lat' dir='ltr'><strong>dis,</strong></span> <span class='ocrx_word' id='word_1_125' title='bbox 1435 1142 1510 1180; x_wconf 88' lang='lat' dir='ltr'><strong>scd</strong></span> <span class='ocrx_word' id='word_1_126' title='bbox 1553 1141 1795 1190; x_wconf 88' lang='lat' dir='ltr'><strong>ubicumque</strong></span> 
     </span>
     <span class='ocr_line' id='line_1_15' title="bbox 277 1207 1793 1255; baseline 0 -11"><span class='ocrx_word' id='word_1_127' title='bbox 277 1213 412 1246; x_wconf 84' lang='lat' dir='ltr'><strong>exstat</strong></span> <span class='ocrx_word' id='word_1_128' title='bbox 443 1229 495 1235; x_wconf 89' lang='lat'>—</span> <span class='ocrx_word' id='word_1_129' title='bbox 524 1214 568 1245; x_wconf 88' lang='lat' dir='ltr'><strong>et</strong></span> <span class='ocrx_word' id='word_1_130' title='bbox 596 1214 736 1247; x_wconf 86' lang='lat' dir='ltr'><strong>exstat</strong></span> <span class='ocrx_word' id='word_1_131' title='bbox 765 1210 963 1247; x_wconf 88' lang='lat' dir='ltr'><strong>sescentis</strong></span> <span class='ocrx_word' id='word_1_132' title='bbox 990 1210 1090 1247; x_wconf 87' lang='lat' dir='ltr'><strong>locis</strong></span> <span class='ocrx_word' id='word_1_133' title='bbox 1107 1207 1124 1233; x_wconf 79' lang='lat'><strong>²</strong></span> <span class='ocrx_word' id='word_1_134' title='bbox 1154 1230 1216 1255; x_wconf 87' lang='lat'><strong>-—,</strong></span> <span class='ocrx_word' id='word_1_135' title='bbox 1245 1210 1451 1248; x_wconf 82' lang='lat' dir='ltr'><strong>constanti</strong></span> <span class='ocrx_word' id='word_1_136' title='bbox 1481 1220 1555 1246; x_wconf 90' lang='lat' dir='ltr'><strong>usu</strong></span> <span class='ocrx_word' id='word_1_137' title='bbox 1586 1209 1638 1246; x_wconf 86' lang='lat' dir='ltr'><strong>de</strong></span> <span class='ocrx_word' id='word_1_138' title='bbox 1667 1208 1793 1245; x_wconf 89' lang='lat' dir='ltr'><strong>homi-</strong></span> 
     </span>
     <span class='ocr_line' id='line_1_16' title="bbox 276 1274 1795 1345; baseline 0.001 -34"><span class='ocrx_word' id='word_1_139' title='bbox 276 1274 396 1312; x_wconf 88' lang='lat' dir='ltr'><strong>nibus</strong></span> <span class='ocrx_word' id='word_1_140' title='bbox 423 1274 607 1325; x_wconf 84' lang='lat' dir='ltr'><strong>usurpari</strong></span> <span class='ocrx_word' id='word_1_141' title='bbox 636 1274 1015 1315; x_wconf 88' lang='lat' dir='ltr'><strong>animadverterunt.</strong></span> <span class='ocrx_word' id='word_1_142' title='bbox 1074 1275 1218 1345; x_wconf 84' lang='lat' dir='ltr'>Neque</span> <span class='ocrx_word' id='word_1_143' title='bbox 1248 1275 1342 1314; x_wconf 88' lang='lat' dir='ltr'><strong>huic</strong></span> <span class='ocrx_word' id='word_1_144' title='bbox 1370 1274 1640 1314; x_wconf 89' lang='lat' dir='ltr'><strong>observationi</strong></span> <span class='ocrx_word' id='word_1_145' title='bbox 1669 1274 1795 1312; x_wconf 87' lang='lat' dir='ltr'><strong>officit</strong></span> 
     </span>
     <span class='ocr_line' id='line_1_17' title="bbox 277 1340 941 1392; baseline 0.002 -13"><span class='ocrx_word' id='word_1_146' title='bbox 277 1342 390 1390; x_wconf 89' lang='lat' dir='ltr'><strong>quod</strong></span> <span class='ocrx_word' id='word_1_147' title='bbox 421 1346 485 1378; x_wconf 85' lang='lat' dir='ltr'><strong>est</strong></span> <span class='ocrx_word' id='word_1_148' title='bbox 513 1340 676 1390; x_wconf 88' lang='lat' dir='ltr'><strong>Hippol.</strong></span> <span class='ocrx_word' id='word_1_149' title='bbox 706 1353 741 1380; x_wconf 89' lang='lat' dir='ltr'><strong>v.</strong></span> <span class='ocrx_word' id='word_1_150' title='bbox 773 1343 854 1380; x_wconf 86' lang='lat'><strong>459</strong></span> <span class='ocrx_word' id='word_1_151' title='bbox 880 1352 941 1392; x_wconf 89' lang='lat' dir='ltr'><strong>sq.</strong></span> 
     </span>
    </p>

    <p class='ocr_par' dir='ltr' id='par_1_5' title="bbox 274 1404 1792 2460">
     <span class='ocr_line' id='line_1_18' title="bbox 673 1404 1243 1458; baseline 0.002 -12"><span class='ocrx_word' id='word_1_152' title='bbox 673 1406 778 1457; x_wconf 88' lang='grc' dir='ltr'>χρῆν</span> <span class='ocrx_word' id='word_1_153' title='bbox 808 1405 851 1447; x_wconf 92' lang='grc' dir='ltr'><strong>σ’</strong></span> <span class='ocrx_word' id='word_1_154' title='bbox 881 1405 952 1448; x_wconf 85' lang='grc' dir='ltr'><strong>ἐπὶ</strong></span> <span class='ocrx_word' id='word_1_155' title='bbox 982 1404 1128 1458; x_wconf 82' lang='grc' dir='ltr'>ῥητοῖς</span> <span class='ocrx_word' id='word_1_156' title='bbox 1158 1404 1243 1458; x_wconf 90' lang='grc' dir='ltr'>ἄρα</span> 
     </span>
     <span class='ocr_line' id='line_1_19' title="bbox 473 1472 1692 1526; baseline 0.002 -12"><span class='ocrx_word' id='word_1_157' title='bbox 473 1472 638 1524; x_wconf 83' lang='grc' dir='ltr'>πατέρα</span> <span class='ocrx_word' id='word_1_158' title='bbox 667 1472 868 1524; x_wconf 84' lang='grc' dir='ltr'>φυτεύειν</span> <span class='ocrx_word' id='word_1_159' title='bbox 896 1473 921 1523; x_wconf 88' lang='grc' dir='ltr'>ἢ</span> <span class='ocrx_word' id='word_1_160' title='bbox 957 1473 1013 1514; x_wconf 81' lang='grc' dir='ltr'><strong>’πὶ</strong></span> <span class='ocrx_word' id='word_1_161' title='bbox 1041 1472 1273 1524; x_wconf 86' lang='grc' dir='ltr'>δεσπόταις</span> <span class='ocrx_word' id='word_1_162' title='bbox 1303 1475 1420 1525; x_wconf 86' lang='grc' dir='ltr'>θεοῖς</span> <span class='ocrx_word' id='word_1_163' title='bbox 1451 1472 1456 1526; x_wconf 75' lang='lat' dir='ltr'><strong>l</strong></span> <span class='ocrx_word' id='word_1_164' title='bbox 1486 1473 1692 1525; x_wconf 88' lang='grc' dir='ltr'>ἄλλοισιν,</span> 
     </span>
     <span class='ocr_line' id='line_1_20' title="bbox 277 1537 1791 1593; baseline -0.001 -12"><span class='ocrx_word' id='word_1_165' title='bbox 277 1542 427 1593; x_wconf 84' lang='lat' dir='ltr'>quippe</span> <span class='ocrx_word' id='word_1_166' title='bbox 455 1541 523 1581; x_wconf 89' lang='lat' dir='ltr'><strong>ubi</strong></span> <span class='ocrx_word' id='word_1_167' title='bbox 551 1537 684 1592; x_wconf 78' lang='lat' dir='ltr'><strong>ipsum</strong></span> <span class='ocrx_word' id='word_1_168' title='bbox 713 1540 884 1581; x_wconf 85' lang='lat' dir='ltr'><strong>deorum</strong></span> <span class='ocrx_word' id='word_1_169' title='bbox 914 1553 1065 1580; x_wconf 90' lang='lat' dir='ltr'><strong>nomen</strong></span> <span class='ocrx_word' id='word_1_170' title='bbox 1085 1541 1271 1580; x_wconf 86' lang='lat' dir='ltr'><strong>additum</strong></span> <span class='ocrx_word' id='word_1_171' title='bbox 1299 1542 1361 1589; x_wconf 85' lang='lat' dir='ltr'><strong>sit,</strong></span> <span class='ocrx_word' id='word_1_172' title='bbox 1392 1548 1463 1581; x_wconf 90' lang='lat' dir='ltr'><strong>aut</strong></span> <span class='ocrx_word' id='word_1_173' title='bbox 1484 1542 1632 1584; x_wconf 87' lang='lat' dir='ltr'><strong>Bacch.</strong></span> <span class='ocrx_word' id='word_1_174' title='bbox 1653 1554 1791 1581; x_wconf 87' lang='lat' dir='ltr'><strong>versus</strong></span> 
     </span>
     <span class='ocr_line' id='line_1_21' title="bbox 277 1605 1256 1658; baseline 0 -10"><span class='ocrx_word' id='word_1_175' title='bbox 277 1610 358 1649; x_wconf 80' lang='lat'><strong>582</strong></span> <span class='ocrx_word' id='word_1_176' title='bbox 389 1620 449 1658; x_wconf 88' lang='lat' dir='ltr'><strong>sq.</strong></span> <span class='ocrx_word' id='word_1_177' title='bbox 672 1606 722 1648; x_wconf 85' lang='grc' dir='ltr'><strong>ἰὼ</strong></span> <span class='ocrx_word' id='word_1_178' title='bbox 749 1605 800 1648; x_wconf 75' lang='grc' dir='ltr'><strong>ἰὼ</strong></span> <span class='ocrx_word' id='word_1_179' title='bbox 829 1607 1020 1650; x_wconf 84' lang='grc' dir='ltr'>δέσποτα</span> <span class='ocrx_word' id='word_1_180' title='bbox 1050 1606 1256 1657; x_wconf 80' lang='grc' dir='ltr'>δέσποτα,</span> 
     </span>
     <span class='ocr_line' id='line_1_22' title="bbox 673 1671 1212 1725; baseline 0 -9"><span class='ocrx_word' id='word_1_181' title='bbox 673 1671 776 1725; x_wconf 81' lang='grc' dir='ltr'>μόλε</span> <span class='ocrx_word' id='word_1_182' title='bbox 806 1687 886 1716; x_wconf 91' lang='grc' dir='ltr'><strong>νυν</strong></span> <span class='ocrx_word' id='word_1_183' title='bbox 914 1673 1123 1725; x_wconf 79' lang='grc' dir='ltr'>ἡμέτερον</span> <span class='ocrx_word' id='word_1_184' title='bbox 1152 1672 1212 1725; x_wconf 87' lang='grc' dir='ltr'>εἰς</span> 
     </span>
     <span class='ocr_line' id='line_1_23' title="bbox 605 1739 1289 1791; baseline 0.001 -10"><span class='ocrx_word' id='word_1_185' title='bbox 605 1769 607 1771; x_wconf 94' lang='grc'>-</span> <span class='ocrx_word' id='word_1_186' title='bbox 676 1740 841 1790; x_wconf 87' lang='grc' dir='ltr'>θίασον,</span> <span class='ocrx_word' id='word_1_187' title='bbox 871 1739 907 1780; x_wconf 84' lang='grc' dir='ltr'>ὦ</span> <span class='ocrx_word' id='word_1_188' title='bbox 938 1739 1090 1791; x_wconf 90' lang='grc' dir='ltr'>Βρόμιε</span> <span class='ocrx_word' id='word_1_189' title='bbox 1123 1739 1289 1791; x_wconf 77' lang='grc' dir='ltr'>Βρόμιε,</span> 
     </span>
     <span class='ocr_line' id='line_1_24' title="bbox 276 1805 1785 1859; baseline -0.001 -12"><span class='ocrx_word' id='word_1_190' title='bbox 276 1805 469 1859; x_wconf 86' lang='lat' dir='ltr'><strong>quoniam</strong></span> <span class='ocrx_word' id='word_1_191' title='bbox 498 1818 541 1846; x_wconf 89' lang='lat' dir='ltr'><strong>re</strong></span> <span class='ocrx_word' id='word_1_192' title='bbox 571 1808 666 1848; x_wconf 81' lang='lat' dir='ltr'><strong>vera</strong></span> <span class='ocrx_word' id='word_1_193' title='bbox 693 1809 774 1848; x_wconf 85' lang='lat' dir='ltr'><strong>alia</strong></span> <span class='ocrx_word' id='word_1_194' title='bbox 801 1809 903 1847; x_wconf 87' lang='lat' dir='ltr'><strong>ratio</strong></span> <span class='ocrx_word' id='word_1_195' title='bbox 934 1809 1215 1848; x_wconf 86' lang='lat' dir='ltr'><strong>intercedebat</strong></span> <span class='ocrx_word' id='word_1_196' title='bbox 1244 1810 1348 1847; x_wconf 85' lang='lat' dir='ltr'><strong>inter</strong></span> <span class='ocrx_word' id='word_1_197' title='bbox 1379 1808 1581 1847; x_wconf 80' lang='lat' dir='ltr'><strong>Bacchum</strong></span> <span class='ocrx_word' id='word_1_198' title='bbox 1617 1809 1785 1858; x_wconf 88' lang='lat' dir='ltr'><strong>eiusque</strong></span> 
     </span>
     <span class='ocr_line' id='line_1_25' title="bbox 276 1865 1787 1926; baseline -0.001 -13"><span class='ocrx_word' id='word_1_199' title='bbox 276 1880 414 1918; x_wconf 80' lang='lat' dir='ltr'><strong>servas</strong></span> <span class='ocrx_word' id='word_1_200' title='bbox 438 1874 633 1913; x_wconf 49' lang='lat' dir='ltr'><strong>&gt;mulieres</strong></span> <span class='ocrx_word' id='word_1_201' title='bbox 664 1870 736 1926; x_wconf 85' lang='lat' dir='ltr'><strong>(cf.</strong></span> <span class='ocrx_word' id='word_1_202' title='bbox 767 1888 802 1914; x_wconf 81' lang='lat' dir='ltr'><strong>v,</strong></span> <span class='ocrx_word' id='word_1_203' title='bbox 833 1873 916 1924; x_wconf 80' lang='lat'><strong>56),</strong></span> <span class='ocrx_word' id='word_1_204' title='bbox 960 1887 1010 1913; x_wconf 90' lang='lat' dir='ltr'><strong>ac</strong></span> <span class='ocrx_word' id='word_1_205' title='bbox 1054 1865 1262 1925; x_wconf 85' lang='lat' dir='ltr'><strong>ceteroqui</strong></span> <span class='ocrx_word' id='word_1_206' title='bbox 1299 1875 1403 1913; x_wconf 87' lang='lat' dir='ltr'><strong>inter</strong></span> <span class='ocrx_word' id='word_1_207' title='bbox 1442 1876 1545 1912; x_wconf 91' lang='lat' dir='ltr'><strong>deos</strong></span> <span class='ocrx_word' id='word_1_208' title='bbox 1585 1874 1787 1912; x_wconf 89' lang='lat' dir='ltr'><strong>homines-</strong></span> 
     </span>
     <span class='ocr_line' id='line_1_26' title="bbox 276 1941 1792 1993; baseline -0.002 -12"><span class='ocrx_word' id='word_1_209' title='bbox 276 1954 356 1992; x_wconf 88' lang='lat' dir='ltr'><strong>que</strong></span> <span class='ocrx_word' id='word_1_210' title='bbox 386 1941 591 1981; x_wconf 84' lang='lat' dir='ltr'><strong>observari</strong></span> <span class='ocrx_word' id='word_1_211' title='bbox 622 1942 737 1981; x_wconf 88' lang='lat' dir='ltr'><strong>solet.</strong></span> <span class='ocrx_word' id='word_1_212' title='bbox 794 1942 879 1981; x_wconf 89' lang='lat' dir='ltr'><strong>Iam</strong></span> <span class='ocrx_word' id='word_1_213' title='bbox 907 1942 1003 1980; x_wconf 87' lang='lat' dir='ltr'><strong>nihil</strong></span> <span class='ocrx_word' id='word_1_214' title='bbox 1031 1949 1095 1981; x_wconf 86' lang='lat' dir='ltr'><strong>est</strong></span> <span class='ocrx_word' id='word_1_215' title='bbox 1113 1943 1332 1981; x_wconf 89' lang='lat' dir='ltr'><strong>mirabilius</strong></span> <span class='ocrx_word' id='word_1_216' title='bbox 1352 1954 1476 1993; x_wconf 89' lang='lat' dir='ltr'><strong>quam</strong></span> <span class='ocrx_word' id='word_1_217' title='bbox 1496 1942 1609 1992; x_wconf 87' lang='lat' dir='ltr'><strong>quod</strong></span> <span class='ocrx_word' id='word_1_218' title='bbox 1630 1941 1792 1991; x_wconf 82' lang='lat' dir='ltr'><strong>Hippol.</strong></span> 
     </span>
     <span class='ocr_line' id='line_1_27' title="bbox 277 1999 1792 2059; baseline -0.001 -13"><span class='ocrx_word' id='word_1_219' title='bbox 277 2021 312 2047; x_wconf 90' lang='lat' dir='ltr'><strong>v.</strong></span> <span class='ocrx_word' id='word_1_220' title='bbox 343 2011 397 2048; x_wconf 87' lang='grc'><strong>88</strong></span> <span class='ocrx_word' id='word_1_221' title='bbox 428 1999 610 2057; x_wconf 82' lang='lat' dir='ltr'><strong>famulus,</strong></span> <span class='ocrx_word' id='word_1_222' title='bbox 659 2010 756 2047; x_wconf 86' lang='lat' dir='ltr'><strong>dum</strong></span> <span class='ocrx_word' id='word_1_223' title='bbox 787 2010 997 2047; x_wconf 87' lang='lat' dir='ltr'><strong>dominum</strong></span> <span class='ocrx_word' id='word_1_224' title='bbox 1031 2010 1334 2047; x_wconf 83' lang='lat' dir='ltr'><strong>adulescentem</strong></span> <span class='ocrx_word' id='word_1_225' title='bbox 1369 2009 1615 2059; x_wconf 85' lang='lat' dir='ltr'><strong>adloquitur,</strong></span> <span class='ocrx_word' id='word_1_226' title='bbox 1662 2007 1792 2044; x_wconf 87' lang='lat' dir='ltr'><strong>verbis</strong></span> 
     </span>
     <span class='ocr_line' id='line_1_28' title="bbox 277 2075 559 2130; baseline 0.004 -16"><span class='ocrx_word' id='word_1_227' title='bbox 277 2076 400 2130; x_wconf 73' lang='lat' dir='ltr'><strong>utitur</strong></span> <span class='ocrx_word' id='word_1_228' title='bbox 429 2075 559 2116; x_wconf 79' lang='lat' dir='ltr'><strong>hisce:</strong></span> 
     </span>
     <span class='ocr_line' id='line_1_29' title="bbox 303 2135 1480 2194; baseline -0.001 -11"><span class='ocrx_word' id='word_1_229' title='bbox 303 2135 306 2139; x_wconf 74' lang='grc'><strong><em>’</em></strong></span> <span class='ocrx_word' id='word_1_230' title='bbox 472 2140 600 2184; x_wconf 81' lang='grc' dir='ltr'>ἄναξ·</span> <span class='ocrx_word' id='word_1_231' title='bbox 636 2141 763 2192; x_wconf 84' lang='grc' dir='ltr'>θεοὺς</span> <span class='ocrx_word' id='word_1_232' title='bbox 792 2141 874 2194; x_wconf 87' lang='grc' dir='ltr'><strong>γὰρ</strong></span> <span class='ocrx_word' id='word_1_233' title='bbox 905 2141 1123 2194; x_wconf 88' lang='grc' dir='ltr'>δεσπότας</span> <span class='ocrx_word' id='word_1_234' title='bbox 1151 2143 1294 2184; x_wconf 86' lang='grc' dir='ltr'>καλεῖν</span> <span class='ocrx_word' id='word_1_235' title='bbox 1321 2140 1480 2193; x_wconf 86' lang='grc' dir='ltr'>χρεών·</span> 
     </span>
     <span class='ocr_line' id='line_1_30' title="bbox 472 2206 1426 2260; baseline 0.001 -11"><span class='ocrx_word' id='word_1_236' title='bbox 472 2206 539 2260; x_wconf 90' lang='grc' dir='ltr'><strong>ἆρ’</strong></span> <span class='ocrx_word' id='word_1_237' title='bbox 570 2206 623 2250; x_wconf 84' lang='grc' dir='ltr'>ἄν</span> <span class='ocrx_word' id='word_1_238' title='bbox 653 2208 691 2249; x_wconf 87' lang='grc' dir='ltr'><strong>τί</strong></span> <span class='ocrx_word' id='word_1_239' title='bbox 721 2221 803 2259; x_wconf 88' lang='grc' dir='ltr'><strong>μου</strong></span> <span class='ocrx_word' id='word_1_240' title='bbox 833 2209 976 2251; x_wconf 84' lang='grc' dir='ltr'>δέξαιο</span> <span class='ocrx_word' id='word_1_241' title='bbox 1008 2208 1327 2260; x_wconf 85' lang='grc' dir='ltr'>βουλεύσαντος</span> <span class='ocrx_word' id='word_1_242' title='bbox 1356 2207 1426 2255; x_wconf 79' lang='grc' dir='ltr'>εὖς</span> 
     </span>
     <span class='ocr_line' id='line_1_31' title="bbox 275 2275 1787 2327; baseline -0.002 -12"><span class='ocrx_word' id='word_1_243' title='bbox 275 2287 380 2327; x_wconf 90' lang='lat' dir='ltr'><strong>quae</strong></span> <span class='ocrx_word' id='word_1_244' title='bbox 408 2282 452 2313; x_wconf 90' lang='lat' dir='ltr'><strong>ut</strong></span> <span class='ocrx_word' id='word_1_245' title='bbox 480 2276 599 2314; x_wconf 90' lang='lat' dir='ltr'><strong>nobis</strong></span> <span class='ocrx_word' id='word_1_246' title='bbox 620 2277 842 2323; x_wconf 85' lang='lat' dir='ltr'><strong>traduntur,</strong></span> <span class='ocrx_word' id='word_1_247' title='bbox 872 2288 896 2313; x_wconf 86' lang='lat' dir='ltr'><strong>a</strong></span> <span class='ocrx_word' id='word_1_248' title='bbox 917 2277 1071 2326; x_wconf 83' lang='lat' dir='ltr'><strong>tragico</strong></span> <span class='ocrx_word' id='word_1_249' title='bbox 1091 2276 1277 2326; x_wconf 86' lang='lat' dir='ltr'><strong>profecta</strong></span> <span class='ocrx_word' id='word_1_250' title='bbox 1296 2287 1379 2314; x_wconf 92' lang='lat' dir='ltr'><strong>non</strong></span> <span class='ocrx_word' id='word_1_251' title='bbox 1399 2287 1490 2313; x_wconf 90' lang='lat' dir='ltr'><strong>esse</strong></span> <span class='ocrx_word' id='word_1_252' title='bbox 1512 2276 1596 2313; x_wconf 86' lang='lat' dir='ltr'><strong>iure</strong></span> <span class='ocrx_word' id='word_1_253' title='bbox 1616 2275 1787 2313; x_wconf 87' lang='lat' dir='ltr'><strong>iurando</strong></span> 
     </span>
     <span class='ocr_line' id='line_1_32' title="bbox 275 2341 1790 2399; baseline -0.001 -19"><span class='ocrx_word' id='word_1_254' title='bbox 275 2341 580 2399; x_wconf 77' lang='lat' dir='ltr'><strong>adfirmaverim,</strong></span> <span class='ocrx_word' id='word_1_255' title='bbox 610 2354 854 2392; x_wconf 89' lang='lat' dir='ltr'><strong>quamquam</strong></span> <span class='ocrx_word' id='word_1_256' title='bbox 884 2344 982 2393; x_wconf 92' lang='lat' dir='ltr'><strong>quid</strong></span> <span class='ocrx_word' id='word_1_257' title='bbox 1011 2343 1132 2393; x_wconf 88' lang='lat' dir='ltr'>priori</span> <span class='ocrx_word' id='word_1_258' title='bbox 1155 2343 1287 2381; x_wconf 88' lang='lat' dir='ltr'><strong>versui</strong></span> <span class='ocrx_word' id='word_1_259' title='bbox 1309 2343 1538 2381; x_wconf 83' lang='lat' dir='ltr'><strong>faciendum</strong></span> <span class='ocrx_word' id='word_1_260' title='bbox 1563 2342 1628 2393; x_wconf 88' lang='lat' dir='ltr'><strong>sit,</strong></span> <span class='ocrx_word' id='word_1_261' title='bbox 1660 2341 1790 2379; x_wconf 90' lang='lat' dir='ltr'><strong>fateor</strong></span> 
     </span>
     <span class='ocr_line' id='line_1_33' title="bbox 274 2409 1787 2460; baseline -0.001 -13"><span class='ocrx_word' id='word_1_262' title='bbox 274 2421 340 2447; x_wconf 87' lang='lat' dir='ltr'><strong>me</strong></span> <span class='ocrx_word' id='word_1_263' title='bbox 368 2409 567 2458; x_wconf 85' lang='lat' dir='ltr'><strong>ignorare.</strong></span> <span class='ocrx_word' id='word_1_264' title='bbox 625 2409 821 2460; x_wconf 83' lang='lat' dir='ltr'><strong>Nimirum</strong></span> <span class='ocrx_word' id='word_1_265' title='bbox 846 2422 950 2460; x_wconf 90' lang='lat' dir='ltr'><strong>quae</strong></span> <span class='ocrx_word' id='word_1_266' title='bbox 979 2411 1020 2448; x_wconf 91' lang='lat' dir='ltr'><strong>in</strong></span> <span class='ocrx_word' id='word_1_267' title='bbox 1049 2411 1197 2448; x_wconf 86' lang='lat' dir='ltr'><strong>talibus</strong></span> <span class='ocrx_word' id='word_1_268' title='bbox 1227 2410 1421 2460; x_wconf 86' lang='lat' dir='ltr'><strong>angustiis</strong></span> <span class='ocrx_word' id='word_1_269' title='bbox 1451 2409 1632 2459; x_wconf 87' lang='lat' dir='ltr'><strong>proxima</strong></span> <span class='ocrx_word' id='word_1_270' title='bbox 1652 2414 1695 2446; x_wconf 89' lang='lat' dir='ltr'><strong>et</strong></span> <span class='ocrx_word' id='word_1_271' title='bbox 1715 2410 1787 2447; x_wconf 90' lang='lat' dir='ltr'><strong>ad-</strong></span> 
     </span>
    </p>
   </div>
   <div class='ocr_carea' id='block_1_4' title="bbox 276 2515 541 2522">
    <p class='ocr_par' dir='ltr' id='par_1_6' title="bbox 276 2515 541 2522">
     <span class='ocr_line' id='line_1_34' title="bbox 276 2515 541 2522; baseline 0 731"><span class='ocrx_word' id='word_1_272' title='bbox 276 2515 541 2522; x_wconf 95' lang='lat' dir='ltr'><strong> </strong></span> 
     </span>
    </p>
   </div>
   <div class='ocr_carea' id='block_1_5' title="bbox 272 2580 1790 2922">
    <p class='ocr_par' dir='ltr' id='par_1_7' title="bbox 407 2580 746 2628">
     <span class='ocr_line' id='line_1_35' title="bbox 407 2580 746 2628; baseline 0 -12"><span class='ocrx_word' id='word_1_273' title='bbox 407 2580 422 2606; x_wconf 85' lang='lat'><em>¹</em></span> <span class='ocrx_word' id='word_1_274' title='bbox 446 2583 532 2616; x_wconf 88' lang='lat' dir='ltr'><strong>nihil</strong></span> <span class='ocrx_word' id='word_1_275' title='bbox 558 2583 746 2628; x_wconf 84' lang='lat' dir='ltr'><strong>praecipio.</strong></span> 
     </span>
    </p>

    <p class='ocr_par' dir='ltr' id='par_1_8' title="bbox 272 2611 1790 2922">
     <span class='ocr_line' id='line_1_36' title="bbox 405 2611 1789 2686; baseline 0.004 -12"><span class='ocrx_word' id='word_1_276' title='bbox 405 2639 422 2664; x_wconf 75' lang='lat'>²</span> <span class='ocrx_word' id='word_1_277' title='bbox 445 2642 491 2675; x_wconf 83' lang='lat' dir='ltr'><strong>de</strong></span> <span class='ocrx_word' id='word_1_278' title='bbox 517 2641 594 2675; x_wconf 85' lang='lat' dir='ltr'><strong>solo</strong></span> <span class='ocrx_word' id='word_1_279' title='bbox 628 2641 758 2686; x_wconf 83' lang='lat' dir='ltr'><strong>plurali</strong></span> <span class='ocrx_word' id='word_1_280' title='bbox 788 2641 866 2675; x_wconf 85' lang='lat' dir='ltr'><strong>vide</strong></span> <span class='ocrx_word' id='word_1_281' title='bbox 898 2641 999 2677; x_wconf 86' lang='lat' dir='ltr'><strong>haec:</strong></span> <span class='ocrx_word' id='word_1_282' title='bbox 1035 2611 1118 2677; x_wconf 80' lang='lat' dir='ltr'><strong>Alc.</strong></span> <span class='ocrx_word' id='word_1_283' title='bbox 1146 2642 1226 2682; x_wconf 91' lang='lat'><strong>138,</strong></span> <span class='ocrx_word' id='word_1_284' title='bbox 1250 2642 1331 2686; x_wconf 94' lang='grc'>212,</span> <span class='ocrx_word' id='word_1_285' title='bbox 1358 2643 1440 2680; x_wconf 86' lang='grc'><strong>806.</strong></span> <span class='ocrx_word' id='word_1_286' title='bbox 1465 2643 1552 2682; x_wconf 78' lang='lat'><strong>813:</strong></span> <span class='ocrx_word' id='word_1_287' title='bbox 1590 2644 1704 2679; x_wconf 87' lang='lat' dir='ltr'><strong>Andr.</strong></span> <span class='ocrx_word' id='word_1_288' title='bbox 1730 2644 1789 2685; x_wconf 88' lang='lat'><strong>61,</strong></span> 
     </span>
     <span class='ocr_line' id='line_1_37' title="bbox 275 2699 1790 2746; baseline 0.001 -12"><span class='ocrx_word' id='word_1_289' title='bbox 275 2699 355 2739; x_wconf 87' lang='grc'><strong>132</strong></span> <span class='ocrx_word' id='word_1_290' title='bbox 383 2699 461 2739; x_wconf 85' lang='grc'>142,</span> <span class='ocrx_word' id='word_1_291' title='bbox 486 2699 573 2744; x_wconf 83' lang='grc'><strong>391;</strong></span> <span class='ocrx_word' id='word_1_292' title='bbox 611 2701 740 2734; x_wconf 84' lang='lat' dir='ltr'><strong>Bacch.</strong></span> <span class='ocrx_word' id='word_1_293' title='bbox 768 2699 871 2740; x_wconf 88' lang='grc'><strong>1033,</strong></span> <span class='ocrx_word' id='word_1_294' title='bbox 897 2701 1035 2736; x_wconf 88' lang='lat' dir='ltr'><strong>Hecub.</strong></span> <span class='ocrx_word' id='word_1_295' title='bbox 1061 2700 1142 2741; x_wconf 87' lang='lat'><strong>359,</strong></span> <span class='ocrx_word' id='word_1_296' title='bbox 1169 2700 1252 2740; x_wconf 87' lang='lat'><strong>557,</strong></span> <span class='ocrx_word' id='word_1_297' title='bbox 1278 2701 1360 2745; x_wconf 84' lang='lat'><strong>617,</strong></span> <span class='ocrx_word' id='word_1_298' title='bbox 1388 2701 1490 2746; x_wconf 87' lang='grc'>1237,</span> <span class='ocrx_word' id='word_1_299' title='bbox 1517 2701 1630 2741; x_wconf 89' lang='grc'><strong>1288·</strong></span> <span class='ocrx_word' id='word_1_300' title='bbox 1662 2703 1790 2738; x_wconf 88' lang='lat' dir='ltr'><strong>Helen.</strong></span> 
     </span>
     <span class='ocr_line' id='line_1_38' title="bbox 272 2757 1790 2808; baseline 0.002 -14"><span class='ocrx_word' id='word_1_301' title='bbox 272 2757 356 2798; x_wconf 81' lang='lat'><strong>447,</strong></span> <span class='ocrx_word' id='word_1_302' title='bbox 382 2757 485 2803; x_wconf 85' lang='grc'>1629,</span> <span class='ocrx_word' id='word_1_303' title='bbox 513 2758 624 2802; x_wconf 79' lang='grc'><strong>1640;</strong></span> <span class='ocrx_word' id='word_1_304' title='bbox 650 2759 793 2793; x_wconf 89' lang='lat' dir='ltr'><strong>Heracl.</strong></span> <span class='ocrx_word' id='word_1_305' title='bbox 819 2758 899 2803; x_wconf 87' lang='lat'><strong>678,</strong></span> <span class='ocrx_word' id='word_1_306' title='bbox 924 2759 1047 2803; x_wconf 88' lang='lat' dir='ltr'><strong>Suppl.</strong></span> <span class='ocrx_word' id='word_1_307' title='bbox 1073 2759 1154 2798; x_wconf 87' lang='lat'><strong>636,</strong></span> <span class='ocrx_word' id='word_1_308' title='bbox 1179 2760 1257 2803; x_wconf 88' lang='lat' dir='ltr'><strong>Iph.</strong></span> <span class='ocrx_word' id='word_1_309' title='bbox 1277 2760 1363 2795; x_wconf 77' lang='lat' dir='ltr'><strong>Aul.</strong></span> <span class='ocrx_word' id='word_1_310' title='bbox 1388 2759 1470 2805; x_wconf 86' lang='lat'><strong>304,</strong></span> <span class='ocrx_word' id='word_1_311' title='bbox 1495 2760 1584 2805; x_wconf 80' lang='lat'><strong>3123</strong></span> <span class='ocrx_word' id='word_1_312' title='bbox 1608 2761 1686 2797; x_wconf 91' lang='lat' dir='ltr'><strong>Ion.</strong></span> <span class='ocrx_word' id='word_1_313' title='bbox 1708 2762 1790 2808; x_wconf 83' lang='lat'><strong>234,</strong></span> 
     </span>
     <span class='ocr_line' id='line_1_39' title="bbox 275 2815 1789 2865; baseline 0.002 -14"><span class='ocrx_word' id='word_1_314' title='bbox 275 2815 356 2860; x_wconf 87' lang='grc'>751,</span> <span class='ocrx_word' id='word_1_315' title='bbox 380 2815 462 2860; x_wconf 88' lang='grc'>852,</span> <span class='ocrx_word' id='word_1_316' title='bbox 489 2816 601 2861; x_wconf 75' lang='grc'><strong>1043;</strong></span> <span class='ocrx_word' id='word_1_317' title='bbox 630 2817 725 2861; x_wconf 89' lang='lat' dir='ltr'><strong>Cycl.</strong></span> <span class='ocrx_word' id='word_1_318' title='bbox 750 2816 837 2862; x_wconf 80' lang='lat'><strong>1633</strong></span> <span class='ocrx_word' id='word_1_319' title='bbox 874 2817 968 2852; x_wconf 80' lang='lat' dir='ltr'><strong>Med.</strong></span> <span class='ocrx_word' id='word_1_320' title='bbox 994 2817 1051 2857; x_wconf 83' lang='lat'><strong>54,</strong></span> <span class='ocrx_word' id='word_1_321' title='bbox 1076 2818 1134 2857; x_wconf 85' lang='lat'><strong>61,</strong></span> <span class='ocrx_word' id='word_1_322' title='bbox 1158 2817 1246 2863; x_wconf 76' lang='lat'><strong>8233</strong></span> <span class='ocrx_word' id='word_1_323' title='bbox 1283 2819 1413 2852; x_wconf 76' lang='lat' dir='ltr'><strong>Troad.</strong></span> <span class='ocrx_word' id='word_1_324' title='bbox 1439 2818 1520 2863; x_wconf 90' lang='lat'><strong>577,</strong></span> <span class='ocrx_word' id='word_1_325' title='bbox 1544 2819 1632 2865; x_wconf 78' lang='lat'><strong>6643</strong></span> <span class='ocrx_word' id='word_1_326' title='bbox 1667 2821 1789 2863; x_wconf 82' lang='lat' dir='ltr'><strong>fragm.</strong></span> 
     </span>
     <span class='ocr_line' id='line_1_40' title="bbox 274 2872 1067 2922; baseline 0.001 -12"><span class='ocrx_word' id='word_1_327' title='bbox 274 2873 333 2919; x_wconf 84' lang='lat'><strong>51,</strong></span> <span class='ocrx_word' id='word_1_328' title='bbox 353 2872 410 2919; x_wconf 80' lang='lat'><strong>52,</strong></span> <span class='ocrx_word' id='word_1_329' title='bbox 434 2872 492 2914; x_wconf 89' lang='lat'><strong>86,</strong></span> <span class='ocrx_word' id='word_1_330' title='bbox 518 2874 591 2921; x_wconf 57' lang='lat'><strong>94⁸,</strong></span> <span class='ocrx_word' id='word_1_331' title='bbox 616 2874 713 2921; x_wconf 70' lang='lat'><strong>3152,</strong></span> <span class='ocrx_word' id='word_1_332' title='bbox 738 2875 819 2920; x_wconf 87' lang='lat'><strong>533,</strong></span> <span class='ocrx_word' id='word_1_333' title='bbox 845 2875 927 2920; x_wconf 80' lang='lat'><strong>690,</strong></span> <span class='ocrx_word' id='word_1_334' title='bbox 955 2876 1067 2922; x_wconf 71' lang='lat'><strong>77540.</strong></span> 
     </span>
    </p>
   </div>
  </div>
 </body>
</html>
