2047 3253
1015 129 1067 167 ‘38

337 248 500 298 Hippol.
529 250 617 288 954
643 246 848 300 βάκχευε
858 248 1033 290 πολλῶν
1059 246 1321 328 γραμμάτων
1347 250 1481 333 τιμῶν
1508 248 1717 302 καπνοὺς·

518 314 531 317 ”
635 312 740 357 ἐπεί
766 311 805 364 γ’
837 312 1040 367 ἐλήφθης.
1107 339 1110 343 ›
1136 324 1141 329 ·
1164 331 1168 336 ·

334 380 606 421 Ion.1353
637 379 731 422 ἐπεί
757 378 796 429 γ’
827 378 854 421 ὁ
882 378 1047 431 δαίμων
1075 378 1293 432 βούλεται·
1318 336 1500 434 πάροιθε
1528 384 1567 424 δ’
1586 381 1660 424 οὔ.

334 446 481 488 Helen.
511 448 593 489 556
634 443 789 499 ἵστημ’,
802 444 913 490 ἐπεί
932 458 989 496 γε
1017 443 1153 489 τοῦδ’·
1150 444 1412 500 ἐφάπτομαι
1438 444 1589 492 ron-ou.
1643 465 1646 468 ·
1720 459 1722 462 ’

411 514 452 553 Si
477 526 640 554 sensum
657 514 879 560 examinas,
908 514 951 552 in
971 513 1205 564 Supplicum
1223 513 1529 566 Hippolytique
1534 517 1728 568 exemplis
1747 515 1797 566 γέ

279 581 454 620 acerbae
483 580 675 620 irrisionis
701 581 782 619 vim
801 580 975 619 orationi
994 581 1242 631 adspergere
1260 576 1432 628 videturss
1463 593 1494 632 q
1547 625 1550 627 Α
1687 595 1798 634 pror-

277 659 345 685 sus
373 644 601 697 εἰρωνικῶς
629 647 775 685 dicitur
801 643 896 687 ἐπεί
923 643 963 695 γ’
993 643 1200 697 ἐλήφθης,
1238 644 1329 687 ἐπεί
1354 587 1668 753 *suffio
1678 647 1797 700 ὑμῶν

276 711 449 765 πέφυκα
464 711 492 753 ¹.
526 713 658 752 ’Hinc
694 713 897 764 discrepat
932 712 1042 751 Ionis
1075 712 1202 763 locus,
1226 726 1327 765 -quo
1355 711 1404 764 γέ
1432 714 1469 752 ill
1562 722 1639 765 est,
1683 717 1798 767 quod

278 782 319 820 in
339 781 603 832 responsione
624 780 913 830 frequentatur,
928 785 1121 818 >nostrum
1145 775 1157 792 ‘
1165 770 1231 831 ja?
1240 793 1251 830 3
1282 792 1376 831 ergo
1391 768 1489 825 'eum
1508 782 1797 822 coniunctione

276 859 351 897 per
382 859 427 885 se
465 846 563 885 nihil
602 857 837 884 commune
857 846 997 885 habet.
1063 846 1118 884 At
1144 845 1328 885 Helenae
1356 854 1398 886 v.
1428 848 1510 887 556
1543 858 1683 900 >quam
1717 848 1797 889 v'im

277 914 524 964 peculiarem
550 913 772 964 particulae
800 912 1030 960 attribuam,
1072 913 1230 951 dubius·
1257 913 1444 962 haereo‚'-
1465 914 1543 952 nisi
1572 915 1686 954 idem⁴
1711 916 1796 955 fere

277 977 367 1020 ἐπεί
395 982 463 1028 γε,
488 980 600 1031 quod
629 976 792 1029 ἐπειδή,
822 976 1008 1029 ἐπείπερ,
1037 979 1168 1017 valere
1197 977 1507 1021 contendamus.
1563 969 1796 1026 Est}aut'em

278 1047 356 1084 illa·
375 1056 519 1085 versus-
541 1048 662 1086 sedes
693 1043 836 1094 ἐπειδή
865 1045 1086 1095 particulae
1115 1046 1278 1095 propria
1306 1047 1412 1085 adeo
1444 1047 1621 1097 quidem,
1647 1054 1692 1087 ut
1718 1050 1796 1087 nisi

279 1118 375 1152 ante
413 1112 737 1163 semiquinariam
778 1112 821 1150 in
861 1111 1042 1150 trimetro
1079 1110 1239 1150 Graeco
1275 1123 1476 1165 nusquam
1490 1110 1508 1138 ²
1545 1113 1795 1161 inveniatur;

280 1180 404 1218 semel
431 1180 554 1229 igitur
583 1192 609 1218 a
639 1179 810 1228 tragico,
826 1180 952 1229 quod
981 1190 1054 1228 per
1081 1190 1126 1216 se
1156 1179 1402 1218 rarissimum
1432 1185 1505 1225 est,
1547 1181 1592 1218 id
1619 1181 1662 1218 in
1677 1181 1796 1219 illum

280 1246 417 1284 locum
447 1257 538 1285 esse
566 1245 788 1284 admissum
819 1245 964 1284 saltem
992 1244 1252 1284 memorabile
1281 1251 1425 1296 puto.
1397 1243 1415 1271 ⁸
1484 1246 1623 1285 Certa
1633 1247 1796 1299 quidem

280 1309 479 1351 vocabula
518 1313 636 1352 certis
671 1314 839 1352 trimetri
876 1313 1042 1353 sedibus
1077 1323 1281 1350 recurrere
1318 1314 1384 1352 alii
1424 1314 1505 1352 iam
1540 1313 1796 1352 animadver-

278 1385 426 1425 terunt,
453 1386 498 1418 ut
522 1376 897 1418 Stadtmuellerus⁴
926 1375 1043 1429 οἶμαι
1067 1378 1304 1429 plerumque
1333 1385 1443 1418 ante
1458 1391 1667 1418 caesuram
1695 1391 1795 1430 pen-

279 1445 546 1484 themimeren
574 1446 776 1485 obversari
805 1445 957 1485 docuit.
1015 1445 1132 1483 Idem
1152 1446 1217 1484 de'
1225 1443 1370 1495 μέντοι
1389 1442 1487 1498 (μὲν
1508 1443 1574 1496 δὴ,
1598 1444 1681 1496 ’μέν
1700 1442 1794 1498 νυν)

277 1512 510 1563 dicendum,
538 1512 616 1551 nisi
645 1513 760 1563 quod
786 1505 922 1551 exstat
953 1522 1091 1551 versus
1121 1512 1374 1563 Aeschyleus
1394 1512 1513 1551 haud
1540 1512 1679 1563 pulcre
1707 1524 1794 1551 mo-

277 1579 443 1618 dulatus
471 1580 615 1629 Agam.
644 1580 724 1620 907
773 1614 777 1619 .
1788 1569 1792 1575 ’

471 1642 623 1688 πιθοῦ
651 1645 810 1697 κράτος
841 1644 985 1697 μέντοι
1012 1642 1156 1697 πάρες
1177 1644 1217 1694 γ’
1247 1642 1357 1687 ἑκὼν
1385 1642 1501 1695 ἐμοί.

275 1712 383 1752 conf.
409 1712 613 1763 Aristoph.
645 1713 752 1751 Nub.
785 1714 864 1752 126

472 1776 565 1820 ἀλλ’
594 1775 687 1820 οὐδ’
720 1778 806 1829 ἐγὼ
833 1777 979 1830 μέντοι
1007 1776 1157 1820 πεσών
1185 1790 1235 1828 γε
1266 1776 1472 1830 κείσομαι.

273 1842 428 1897 Ἐχρῆν
465 1853 561 1897 post
600 1847 798 1886 vocabula
835 1847 877 1885 in
915 1858 1140 1886 consonam
1180 1846 1372 1886 exeuntia
1412 1846 1454 1884 in
1497 1845 1791 1896 antiquioribus

273 1914 475 1965 Euripidis
504 1913 652 1952 sabulis
680 1913 849 1952 minime
875 1924 1000 1964 saepe
1030 1914 1241 1964 invenitur,
1270 1924 1470 1975 nusquam
1497 1913 1543 1950 in
1567 1913 1790 1958 Alcestide,

273 1980 438 2031 singulis
465 1980 506 2018 in
534 1980 698 2025 Medea,
727 1979 967 2031 Hippolyto,
997 1980 1227 2019 Heraclidis
1256 1979 1462 2033 exemplis.
1518 1979 1582 2018 Ea
1610 1991 1706 2017 vero
1735 1980 1792 2018 ita

273 2052 509 2097 comparata
539 2051 644 2092 sunt,
671 2052 715 2084 ut
735 2043 814 2086 οὐκ
832 2045 1029 2096 particula
1063 2057 1224 2097 semper
1253 2040 1492 2085 antecedat.
1520 2045 1630 2085 Med.
1645 2058 1681 2086 v.
1700 2047 1792 2106 507.

816 2110 893 2163 οὓς
918 2110 967 2154 δέ
996 2109 1035 2163 μ’
1068 2110 1147 2154 οὐκ
1175 2110 1305 2164 ἐχρῆν
1333 2111 1476 2163 κακῶς
1501 2107 1509 2164 Ι
1534 2105 1652 2164 δρᾶν,

427 2179 593 2230 Hippol.
623 2193 660 2219 v.
681 2181 761 2219 297
793 2176 897 2220 εἶὲν·
927 2177 967 2219 τί
995 2180 1141 2232 σιγᾷςς
1178 2177 1259 2219 οὐκ
1286 2177 1418 2230 ἐχρῆν
1447 2178 1612 2230 σιγᾶν,
1609 2177 1789 2220 τέκνον.

415 2246 578 2288 Heracl.
598 2260 634 2286 v.
654 2248 762 2289 1000
788 2244 931 2289 κείνου
947 2244 984 2288 δ’
994 2243 1346 2299 ἀπαλλαχθέντος
1354 2242 1433 2288 οὐκ
1450 2235 1580 2297 ἐχρῆν
1596 2257 1624 2297 μ
1627 2241 1748 2298 ’ἄρα.
1762 2278 1792 2287 ..

402 2385 417 2411 ¹
441 2387 504 2421 ‘da
527 2388 622 2422 doch
646 2385 827 2423 offenbar‘.
877 2388 920 2423 cs.
946 2388 1124 2422 Herodoti
1148 2387 1240 2428 160,
1265 2387 1372 2444 ΠΙ9.
1438 2386 1442 2390 ”
1507 2398 1508 2401 ’

398 2444 415 2469 2
437 2451 574 2490 praeter
598 2447 684 2480 duos
708 2446 959 2490 Aristophanis
982 2447 1092 2480 locos.
1503 2455 1506 2459 ·

399 2502 415 2527 ³
438 2504 566 2548 ἐπειδή
591 2505 675 2540 Eur.
700 2505 814 2540 Andr.
839 2504 897 2549 57,
922 2504 1009 2548 928;
1047 2505 1182 2539 Hecub.
1214 2473 1296 2549 776,
1329 2473 1440 2549 1001;
1484 2504 1611 2539 Helen.
1644 2503 1676 2547 7,
1707 2504 1788 2545 612,

268 2561 370 2602 1005,
399 2561 502 2602 1408,
529 2561 639 2603 1569;
679 2563 738 2598 El.
764 2563 827 2607 20;
869 2563 1014 2598 Heracl.
1040 2562 1097 2604 29,
1122 2563 1203 2607 206,
1228 2562 1310 2603 507,
1336 2561 1416 2604 744,
1447 2562 1542 2602 819,·
1561 2562 1643 2606 976,
1676 2562 1789 2607 1009;

266 2621 370 2655 Herc.
385 2619 478 2664 284,
503 2619 588 2661 722ς
631 2620 752 2665 Suppl.
777 2620 863 2666 8793
912 2621 1020 2666 Hipp.
1046 2620 1128 2661 287,
1153 2620 1240 2666 399;
1281 2620 1359 2667 Iph.
1384 2606 1489 2656 Taur.
1515 2620 1572 2658 78,
1597 2620 1681 2666 530,
1705 2619 1787 2666 595,

265 2678 336 2713 630
357 2683 421 2713 etc.
470 2678 599 2722 ἐπειδή
623 2679 658 2722 γ’
687 2679 793 2714 semel
817 2680 855 2712 in
880 2673 1068 2722 tragoedia
1082 2679 1231 2724 Hippol.
1256 2690 1289 2714 v.
1314 2678 1395 2714 946.
1432 2680 1476 2714 cf.
1494 2679 1678 2724 Aristoph.
1695 2681 1786 2723 Equ.

265 2736 353 2781 671,
374 2736 477 2780 plura
500 2737 538 2770 in
561 2737 772 2781 Thucydide
798 2738 958 2781 exempla
982 2736 1048 2781 (3).
1098 2735 1156 2782 (cf.
1180 2737 1278 2771 Ionis
1302 2737 1609 2781 Pseudoplatonici
1633 2736 1714 2778 532,
1727 2736 1787 2782 Β.)

393 2792 411 2817 ⁴
436 2794 602 2837 Beitrfige
626 2805 688 2828 zur
711 2795 945 2829 Texteskrifik
970 2795 1031 2829 der
1056 2794 1350 2839 Euripideischen
1373 2795 1512 2830 Medea.
1562 2796 1689 2837 Progr.
1701 2796 1790 2829 Hei-

268 2852 365 2888 delb.
388 2852 483 2912 ’1876
508 2863 543 2897 p.
561 2851 618 2887 15.
