2047 3253
1036 153 1087 195 32

299 275 443 316 Sermo
472 274 663 318 videlieet
691 275 746 314 de
774 274 883 325 Lyco
912 280 990 319 est,
1029 274 1182 313 recenti
1212 274 1504 315 Thebanorum
1530 281 1718 326 tyranno,
1734 276 1818 328 qui

301 344 480 385 Creonte
507 343 798 394 Amphitryone
827 341 997 391 Megara
1038 341 1180 380 occisis
1210 341 1399 380 Herculis
1428 342 1593 388 liberos,
1623 354 1675 380 ne
1704 348 1821 393 poste

299 410 377 449 hac
408 410 559 448 ultores
589 408 664 447 sibi
692 407 950 456 exsisterent,
980 408 1146 458 insuper
1175 413 1262 446 erat
1291 407 1589 448 interfecturus,
1612 421 1615 424 ·
1648 409 1704 447 At
1733 410 1817 447 duo

298 475 355 514 illi
385 486 502 514 senes
541 474 605 513 avi
646 474 858 513 infantium
887 479 994 522 sunt,
1031 474 1201 523 Megara
1227 475 1354 513 etiam
1382 480 1531 527 mater3
1558 473 1817 515 nihilominus

297 541 469 580 universi
504 539 698 592 μήτρωες
733 541 916 581 audiunt.
973 541 1059 579 Iam
1097 541 1190 580 vide
1230 541 1284 580 sis
1313 553 1417 592 quos
1453 540 1610 580 subicio
1639 538 1815 578 Medeae

299 619 434 646 versus
467 607 574 648 1303
603 619 664 659 sq.

558 672 675 724 ἐμῶν
701 673 750 716 δὲ
782 672 948 716 παίδων
976 672 1110 725 ἦλθον
1140 673 1332 716 ἐκσῶσαι
1361 672 1466 726 βίον,

561 738 616 791 μή
646 738 718 792 μοί
745 752 785 783 τι
814 737 1008 792 δράσωσ’
1039 738 1081 783 οἱ
1109 740 1404 793 προσήκοντες
1431 739 1547 790 γένει

559 809 760 861 μητρῷον
789 805 1116 858 ἐκπράσσοντες
1148 805 1329 849 ἀνόσιον
1356 805 1508 859 φόνον.

291 871 303 888 ‘
317 875 510 914 Caedem·
532 875 584 913 ab
614 886 754 913 eorum
784 880 913 913 matre
938 880 1211 925 perpetratam
1224 865 1237 882 '
1266 875 1323 914 ait
1351 874 1572 926 Pflugkius;
1599 878 1709 912 recte
1729 873 1814 924 qui·

295 943 410 989 dern;
439 948 482 980 at
508 942 585 980 nisi
610 941 825 980 durissime
847 948 1013 991 poetam
1036 942 1216 980 locutum
1235 954 1328 980 esse
1349 953 1494 987 sumeS,
1520 929 1814 991 ‘perpetratam

292 1021 318 1048 a
346 1014 478 1047 matre
506 1008 825 1059 propinquorum
855 1007 1043 1046 Creontis
1075 1004 1182 1058 (τῶν
1209 1005 1519 1059 προσηκόντων
1548 1005 1674 1059 γένει)
1685 997 1710 1047 ’.
1749 1007 1815 1047 An

292 1065 450 1126 scripsit
479 1075 710 1126 Euripides:

549 1141 603 1192 μή
636 1140 706 1192 μοί
732 1153 771 1183 τι
801 1138 996 1193 δράσωσ’
1026 1139 1067 1182 οἱ
1095 1139 1395 1193 προσήκοντες
1426 1139 1553 1190 γένει,

550 1207 794 1260 μήτρωσιν
824 1206 1148 1259 ἐκπράσσοντες
1178 1205 1358 1250 ἀνόσιον
1386 1206 1553 1259 φόνονΡ

296 1286 403 1327 quae
434 1288 556 1327 quam
580 1276 681 1314 lenis
704 1276 756 1315 sit
774 1276 961 1327 mutatio,
991 1288 1113 1314 nemo
1140 1287 1223 1314 non
1244 1276 1366 1320 videt.
1425 1275 1518 1314 Hoc
1548 1286 1712 1326 quoque
1740 1287 1812 1313 no-

295 1345 420 1383 tabile
465 1349 530 1382 est
566 1344 680 1393 quod
716 1343 830 1381 simili
865 1343 1021 1382 ratione
1061 1340 1272 1393 πενθερός
1315 1349 1357 1381 et
1389 1339 1581 1393 γαμβρός
1616 1342 1813 1380 vocabula

295 1410 434 1460 tragici
483 1408 719 1449 confudisse
769 1409 996 1459 traduntur,
1044 1421 1124 1459 qua
1173 1409 1227 1448 de
1271 1421 1313 1446 re
1357 1411 1484 1448 adeas
1527 1407 1661 1447 Photii
1698 1409 1812 1448 lexic.

293 1489 334 1528 p.
354 1478 450 1526 410,
474 1477 524 1517 13
547 1475 715 1525 Suidam
743 1474 819 1513 sub
844 1487 944 1513 voce
972 1472 1172 1525 πενθερὰ,
1199 1476 1401 1514 Anecdot.
1426 1475 1598 1514 Bekkeri
1617 1488 1658 1525 p.
1674 1477 1766 1520 229,
1789 1478 1804 1513 1

293 1543 467 1594 Etymol.
500 1541 557 1582 M.
586 1554 627 1592 p.
649 1542 772 1592 2120,
801 1543 854 1581 40
884 1541 934 1582 cf.
967 1541 1136 1589 Kvicala
1165 1542 1281 1581 Stud.
1309 1542 1327 1580 1
1355 1553 1449 1592 pag.
1480 1543 1572 1582 329.

424 1675 679 1715 Pronominis
692 1676 932 1726 „personalis
962 1673 1048 1724 ἐγώ
1079 1676 1166 1715 viee
1197 1677 1309 1727 apud
1333 1677 1506 1726 tragicos
1537 1672 1613 1716 ὅδε
1643 1677 1809 1713 demon·

291 1743 500 1783 strativum
531 1749 574 1781 et
601 1743 753 1781 nudum
783 1748 825 1781 et
854 1742 998 1791 addito
1025 1743 1278 1782 substantivo
1320 1743 1432 1794 fungi
1460 1755 1552 1782 eum
1582 1742 1808 1782 communis

291 1812 496 1850 sententia
524 1811 711 1849 obtinere
741 1811 940 1857 videatur,
970 1823 1091 1861 quam
1110 1817 1221 1850 recte
1242 1823 1292 1849 ea
1325 1810 1417 1850 viris
1442 1812 1575 1850 doctis
1605 1810 1810 1860 probetur,

291 1890 442 1929 operae
476 1878 648 1928 pretium
685 1878 761 1915 erit
798 1878 1023 1916 accuratius
1062 1878 1273 1929 inquirere.
1334 1878 1453 1918 Certe
1494 1878 1601 1917 enim
1642 1878 1809 1928 simplex

290 1942 367 1985 ὅδε
408 1958 482 1996 pro
516 1942 601 1993 ἐγώ
640 1945 797 1983 dictum
836 1957 929 1984 cum
964 1945 1179 1996 perpaucis
1218 1946 1457 1996 tragoediae
1496 1946 1593 1984 locis
1624 1945 1809 1994 occurrit,

290 2018 376 2051 tum
416 2006 520 2050 inter
555 2023 629 2049 eos
665 2011 796 2049 nullus
833 2018 898 2049 est
940 2012 1184 2050 dubitationi
1222 2024 1306 2050 non
1344 2012 1556 2051 obnoxius.
1624 2010 1809 2062 Namque

290 2075 368 2116 hoc
396 2084 441 2117 ut
468 2078 604 2117 statim
623 2089 827 2130 moneam,
858 2080 1115 2129 segreganda
1144 2091 1235 2117 esse
1255 2085 1369 2129 patet
1397 2079 1584 2129 exempla
1613 2078 1669 2116 ita
1699 2089 1810 2116 com·

288 2150 444 2195 parata,
473 2150 518 2182 ut
547 2144 736 2196 Aeschyl.
770 2144 955 2200 Choeph.
986 2147 1063 2185 211

554 2208 620 2252 ὅδ’
650 2208 751 2261 εἰμί·
784 2209 837 2261 μὴ
863 2208 1006 2262 μάτευ’
1039 2210 1144 2263 ἐμοῦ
1176 2212 1339 2262 μᾶλλον
1368 2210 1509 2264 φίλον,

289 2279 330 2317 in
360 2278 505 2329 quibus
534 2279 689 2317 cunctis
720 2275 795 2318 ὅδε
825 2290 910 2317 non
941 2285 1024 2318 tam
1054 2278 1306 2330 pronominis
1335 2279 1559 2331 personalis
1590 2278 1667 2317 vim
1697 2289 1808 2317 exer·

290 2343 386 2384 cet¹
404 2366 459 2373 —-
479 2357 530 2383 ea
560 2345 665 2384 enirn
695 2346 736 2384 in
768 2346 897 2396 prima
926 2347 1034 2385 verbi
1057 2359 1234 2397 persona
1262 2348 1412 2386 latitat:
1442 2343 1523 2396 εἰμί
1549 2346 1625 2384 ich
1654 2346 1725 2384 bin
1755 2365 1807 2372 —

289 2424 411 2462 quam
445 2424 520 2462 pro
548 2412 743 2451 adverbio
781 2413 1114 2459 demonstrativo,
1153 2419 1197 2452 ut
1233 2414 1291 2452 ita
1331 2413 1485 2464 loquar,
1526 2412 1806 2463 accipiendum

289 2484 374 2520 est:
413 2478 524 2516 hier
558 2478 628 2516 bin
671 2478 746 2519 ich.
805 2478 900 2527 Quo
939 2492 964 2518 e
1001 2491 1149 2529 genere
1184 2485 1346 2531 praeter
1383 2479 1480 2518 illud
1513 2491 1596 2518 non
1635 2478 1805 2528 amplius

289 2556 413 2584 unum
439 2545 715 2585 testimonium
745 2547 1071 2585 commemorabo
1102 2547 1287 2597 Aeschyl.
1320 2547 1436 2592 Eum.
1468 2547 1571 2586 349:

485 2609 733 2662 σπεύδομεν
762 2609 845 2653 αἵδ’
877 2608 1055 2663 ἀφελεῖν
1086 2624 1181 2653 τινα
1209 2609 1342 2653 τάσδε
1372 2609 1590 2663 μερίμνας.

289 2679 354 2717 Sic
388 2678 494 2716 enim
523 2678 701 2717 Medicei
729 2676 1016 2728 σπευδόμεναι
1046 2676 1084 2719 δ’
1114 2691 1139 2717 a
1177 2677 1443 2718 Doederlinio
1479 2687 1521 2717 et
1556 2678 1805 2718 Kirchhoffio

288 2744 487 2783 subtiliter
514 2751 737 2785 correctum
767 2751 841 2785 est.
898 2746 1048 2785 Fateor
1083 2752 1219 2785 autem
1256 2752 1387 2785 totum
1427 2745 1534 2785 hunc
1562 2746 1696 2784 locum
1724 2757 1806 2785 me-

420 2885 436 2911 l
459 2888 504 2923 cf.
525 2888 676 2934 Kvicala
698 2889 799 2923 Stud.
824 2900 859 2933 p.
876 2888 946 2925 285
971 2889 1068 2933 (anni
1096 2889 1215 2934 1879).
