2047 3253
1011 127 1057 163 16

272 241 438 291 quidem
465 247 531 280 est
557 252 609 280 ex
635 240 967 292 inscriptionibus
991 254 1250 283 communem
1275 250 1362 284 tum
1380 243 1571 295 temporis
1591 242 1638 296 ἐς
1669 244 1792 286 fuisse

271 309 526 359 scripturam;
564 313 607 346 at
634 308 676 346 in
709 307 854 346 iisdem
884 296 1007 346 titulis
1039 307 1245 367 πρέσβες,
1263 297 1371 363 ἕναι,
1409 308 1562 361 δώσεν,
1596 295 1784 362 &pestem

270 387 392 426 porro
435 371 638 425 ἐλθόσαν,
684 371 940 416 ἐνοικόντων
982 375 1062 415 alia
1097 378 1287 430 reperies,
1325 378 1469 429 quibus
1506 378 1548 416 in
1585 378 1790 419 vocabulis

271 442 462 482 universis
490 443 547 480 de
575 441 905 492 pronuntiatione
941 453 1026 480 non
1064 443 1290 493 ambigitur,
1330 445 1418 483 sola
1458 445 1658 483 scribendi
1687 446 1791 484 ratio

271 510 430 549 diversa
459 515 525 548 est
552 514 720 560 propter
738 508 986 548 litteraturae
1013 510 1112 548 tunc
1140 511 1316 550 usitatae
1339 512 1641 563 proprietatem.
1697 511 1791 551 Hoc

271 582 405 615 autem
435 581 640 615 vetustum
666 576 869 615 scribendi
898 587 1026 627 genus
1056 588 1191 630 neme,
1220 579 1375 630 opinor,
1405 579 1565 630 tragicis
1585 578 1790 619 obtrudet.

270 644 380 693 Ergo
409 655 461 682 ne
491 640 539 693 ἐς
568 643 734 693 quidem
753 643 1014 683 retinebimus
1053 644 1131 682 nisi
1159 646 1297 695 paucis
1335 647 1382 685 iis
1413 648 1510 686 locis
1541 647 1684 696 quibus
1714 647 1791 685 do-

269 711 351 750 rica
380 710 509 749 forma
538 721 656 749 versu
685 710 890 761 probatur.
948 709 1111 759 Quodsi
1130 702 1241 750 haud
1270 724 1374 760 raro,
1405 713 1473 754 ubi
1501 712 1618 752 metri
1646 723 1789 751 neces-

269 780 368 818 sitas
399 778 508 816 nulla
539 777 786 826 agnoscitur,
830 775 878 826 ἐς
907 777 949 815 in
987 777 1094 815 libris
1128 789 1252 816 manu
1287 780 1444 830 scriptis
1480 780 1662 825 occurrit,
1700 791 1790 824 eos,

269 845 336 897 qui
364 845 572 896 quondam
601 848 756 881 textum
783 842 1025 894 tragicorum
1048 844 1397 884 transcribendum
1417 852 1618 897 curarent,
1648 845 1786 884 analo·

268 915 360 963 giae
389 911 547 961 legibus
578 910 729 964 ubique
759 910 1063 960 obtemperasse
1093 911 1182 960 quis
1213 910 1467 960 spondebit?
1524 913 1645 950 Adde
1674 913 1789 950 libra-

267 981 417 1018 riorum
445 984 585 1017 notam
613 978 654 1017 in
685 978 805 1017 rebus
825 978 881 1016 ad
900 977 1231 1029 orthographiam
1260 978 1555 1029 pertinentibus
1586 980 1789 1020 incuriam.

268 1047 349 1085 Sed
376 1046 480 1084 haec
509 1045 726 1090 hactenus;
758 1045 924 1083 nuncin
955 1045 1059 1083 viam
1079 1045 1332 1083 redeundum
1363 1052 1437 1085 est.
1496 1047 1560 1084 De
1590 1059 1641 1085 ea
1669 1047 1789 1096 igitur

268 1113 410 1165 forma,
440 1124 563 1163 quam
590 1117 686 1162 post
713 1111 1088 1161 semiseptenariam
1117 1123 1142 1148 a
1160 1110 1362 1161 Sophocle
1394 1111 1638 1162 frequentari
1669 1124 1789 1163 supra

266 1180 501 1225 memoravi,
536 1185 581 1217 ut
610 1177 798 1217 Trachin.
842 1178 968 1217 1231:
1012 1175 1062 1218 τὸ
1092 1174 1128 1217 δ’
1158 1174 1232 1218 ὧδ’
1272 1175 1381 1227 ὁρᾶν
1409 1178 1658 1229 φρονοῦντα
1706 1177 1789 1229 τίς

265 1243 373 1287 ποτ’
407 1243 472 1287 ἂν
501 1243 642 1296 φέροι.
671 1244 863 1295 imprimis
891 1244 996 1283 haec
1026 1244 1187 1283 notabis
1208 1245 1320 1296 quod
1347 1245 1401 1283 ibi
1431 1256 1595 1297 quoque
1625 1252 1788 1285 senten-

265 1314 346 1353 tiae
374 1325 505 1364 pausa
534 1312 776 1351 antecedere
799 1311 916 1357 solet,
953 1311 1111 1349 deinde
1139 1323 1213 1362 pes
1233 1304 1320 1361 ipse
1349 1311 1620 1361 paenultimus
1649 1311 1784 1351 iambo

265 1380 448 1431 expletur
482 1380 684 1430 exemptis
712 1377 833 1429 Soph.
864 1377 1010 1416 Trach.
1043 1374 1122 1417 308
1156 1383 1199 1416 et
1227 1376 1397 1418 Philoct.
1431 1379 1550 1426 1224,
1593 1378 1786 1430 denique,

266 1448 377 1498 quod
396 1447 675 1497 gravissimum
695 1452 773 1491 est,
804 1457 962 1496 semper
990 1457 1069 1483 vox
1097 1445 1271 1483 iambica
1291 1457 1447 1484 versum
1468 1445 1632 1485 claudit.
1690 1445 1787 1484 Om-

264 1514 361 1552 nino
387 1514 506 1559 enim,
533 1513 870 1563 quotiescumque
889 1510 1213 1561 monosyllabum
1233 1511 1353 1550 breve
1373 1511 1638 1549 elevationem
1659 1523 1782 1561 paen-

265 1582 445 1619 ultimam
473 1580 634 1629 insedit,
664 1584 892 1629 postremus
928 1577 1095 1616 trimetri
1126 1589 1196 1628 pes
1223 1590 1304 1615 uno
1325 1578 1519 1616 vocabulo
1541 1578 1786 1623 continetur,

264 1649 371 1690 conf.
402 1648 495 1686 Eur.
529 1647 612 1687 Alc.
644 1648 720 1686 145
752 1641 872 1685 οὔπω
902 1641 991 1685 τόδ’
1020 1638 1110 1684 οἶδε
1140 1641 1368 1694 δεσπότης,
1411 1642 1508 1694 πρὶν
1543 1641 1602 1685 ἄν
1637 1641 1785 1698 πάθῃ.

264 1716 389 1765 Quod
424 1720 553 1765 genus
598 1712 883 1752 creberrimum
914 1717 980 1750 est
996 1708 1012 1736 ¹
1051 1717 1093 1749 et
1132 1722 1355 1761 perpaucas
1393 1713 1591 1761 quasdam
1631 1712 1785 1762 patitur

262 1784 390 1821 iustas
428 1781 708 1831 exceptiones:
752 1778 828 1829 μὲν
857 1776 895 1819 τί
934 1777 1012 1819 δεῖ
1042 1778 1137 1819 Eur.
1167 1778 1270 1819 Hec.
1302 1779 1394 1824 960,
1424 1778 1545 1828 Soph.
1577 1778 1673 1818 Phil.
1711 1783 1784 1828 11;

266 1847 305 1890 τί
335 1846 419 1899 γάρ
455 1859 504 1900 με
535 1847 612 1889 δεῖ
645 1848 738 1886 Eur.
767 1846 933 1897 Hippoi.
965 1847 1037 1896 2o;
1082 1842 1164 1895 γὰρ
1201 1842 1252 1885 τὸ
1281 1843 1380 1895 φῶς
1410 1844 1497 1895 Iph.
1528 1845 1616 1884 Aul.
1652 1845 1784 1890 1218;

266 1916 349 1968 γὰρ
377 1915 432 1958 τὰ
459 1916 550 1957 νῦν
579 1915 627 1955 O.
661 1915 706 1954 C.
734 1915 838 1959 8243
877 1911 930 1953 τὰ
960 1909 1049 1963 μέν’,
1088 1910 1141 1952 τὰ
1168 1908 1204 1951 δ’
1237 1908 1303 1951 οὔ
1331 1911 1515 1961 Aeschyl.
1539 1910 1648 1950 PerS.
1679 1913 1782 1954 793:

265 1981 358 2035 τάχ’
389 1981 443 2025 ἂν
470 1978 561 2023 τόδ’
591 1978 651 2031 ἦν
679 1981 791 2032 Sept.
822 1980 913 2020 646.
971 1978 1114 2029 Neque
1162 1989 1256 2015 vero
1280 1976 1520 2016 'dubitarem
1558 1977 1654 2026 quin
1691 1977 1784 2017 Eur.

265 2052 325 2092 El.
359 2052 464 2092 1136
494 2050 797 2088 emendandum
827 2053 953 2086 esset:
982 2043 1090 2095 ἡνίκ’
1120 2043 1173 2086 ἂν
1192 2041 1240 2085 ‘b'
1275 2042 1350 2094 ἐμὲ
1370 2042 1435 2093 (δέ
1457 2055 1506 2093 με
1529 2042 1573 2093 ΙΙ)
1599 2046 1606 2090 Ι
1631 2045 1783 2094 δοκῆτε

265 2115 418 2168 θυσίας
453 2113 574 2166 τῆσδ’
615 2111 882 2165 ἀπηλλάχθαι
916 2134 982 2158 -—,
1026 2113 1100 2151 nisi
1143 2107 1249 2162 ἡνίκ’
1288 2107 1342 2151 ἄν
1379 2111 1527 2150 eodem
1565 2111 1662 2157 iure,
1701 2123 1783 2162 quo

265 2182 383 2231 ὅταν,
415 2197 489 2235 pro
516 2176 597 2221 uno
630 2183 830 2221 vocabulo
871 2180 1000 2230 accipi
1038 2191 1161 2230 posse
1197 2179 1420 2217 arbitrarer.
1477 2178 1579 2217 Nam
1608 2179 1687 2217 alia
1718 2185 1783 2217 est

266 2263 447 2291 versuum
478 2251 581 2288 ratio
617 2250 725 2300 apud
755 2248 1014 2299 Sophoclem:
1052 2246 1150 2286 Phil.
1182 2248 1260 2285 422
1290 2241 1421 2295 οὗτος
1450 2243 1546 2295 γὰρ
1584 2242 1646 2285 τά
1681 2256 1737 2293 γε
1780 2241 1785 2296 Ι

262 2317 415 2359 κείνων
443 2313 535 2357 κάκ’
566 2313 782 2366 ἐξηύρηκε,
823 2315 890 2364 qui
928 2313 1153 2352 continenti
1190 2312 1352 2361 agmine
1381 2312 1613 2360 decurrunt,
1643 2323 1781 2349 verum

262 2386 343 2424 hoc
374 2395 539 2435 quoque
564 2383 768 2433 singulare
788 2381 1031 2431 exemplum.
1091 2379 1186 2428 Quo
1205 2379 1335 2428 magis
1359 2379 1525 2418 miratus
1546 2389 1635 2416 sum
1656 2378 1780 2429 Soph.

263 2452 313 2491 Ο.
347 2452 396 2492 R.
423 2451 524 2491 320:

460 2513 574 2568 ἄφες
605 2512 643 2567 μ’
674 2513 722 2566 ἐς
750 2511 925 2565 οἴκους·
956 2511 1095 2567 ῥᾷστα
1123 2511 1206 2565 γὰρ
1231 2510 1282 2553 τὸ
1311 2509 1394 2553 σόν
1422 2521 1468 2552 τε
1498 2508 1585 2552 σὺὲ

458 2581 576 2633 κάγὼ
604 2580 753 2624 διοίσω
781 2579 956 2632 τούμόν,

391 2739 406 2765 ¹
432 2742 476 2776 er.
493 2740 673 2775 Eur.A1c.
702 2738 781 2783 145,
802 2738 880 2784 105,
897 2738 978 2782 302,
995 2737 1077 2782 323,
1096 2737 1175 2777 706.
1195 2736 1276 2777 771,
1297 2734 1402 2776 1013,
1430 2734 1532 2769 1119.
1581 2735 1670 2769 nec.
1696 2732 1778 2778 249,

259 2800 340 2843 301,
366 2799 448 2844 340,
472 2799 554 2843 362,
579 2798 661 2843 375,
686 2797 768 2843 573,
793 2797 875 2842 592,
898 2797 981 2842 861,
1005 2796 1088 2840 903,
1116 2795 1218 2839 1053,
1249 2794 1354 2838 1130,
1380 2793 1484 2838 1170,
1512 2792 1602 2828 1199
1628 2798 1694 2828 etc.
1711 2799 1777 2827 etc.

390 2856 407 2881 ²
429 2859 510 2891 Iure
534 2857 652 2898 tragici
678 2867 818 2900 operam
844 2856 1014 2889 dederunt
1038 2860 1077 2889 ut
1101 2860 1137 2888 et
1161 2854 1259 2887 initia
1285 2858 1320 2886 et
1344 2853 1453 2886 exitus
1470 2852 1686 2886 senariorum
1703 2862 1779 2895 gra-
