2047 3253
1048 148 1070 183 6

303 276 347 303 se
376 264 513 314 habet,
559 265 672 315 quod
706 260 819 314 χαρά
853 264 1078 314 appellatur
1113 262 1347 314 κέρτομοςὲ
1402 264 1571 303 Irrisorii
1599 265 1696 315 fingi
1724 277 1819 316 pos-

300 337 395 369 sunt
429 331 627 376 homines,
668 342 881 380 personae,
925 342 1148 377 sermones,
1192 343 1379 382 pompae,
1422 342 1557 376 voces,
1607 332 1817 382 imagines,

299 393 364 435 v'el
393 398 588 447 gaudium
616 397 811 435 irridendi
841 396 960 435 facile
989 398 1078 448 quis
1109 398 1183 436 sibi
1217 398 1393 446 finxerit3
1437 398 1601 436 minime
1630 410 1727 436 vero
1758 399 1816 437 fa-

300 465 376 503 cile
415 463 608 514 gaudium
646 463 876 504 irrisorium.
935 463 1109 502 Accedit
1147 464 1268 504 aliud.
1328 464 1429 503 Esse
1475 465 1590 514 quasi
1627 465 1817 505 familiam

299 530 506 581 quandam
534 530 904 580 interpolationum‚
943 542 1051 580 quae
1081 542 1156 581 per
1183 530 1395 581 Sophoclis
1426 531 1709 582 Euripidisque
1737 538 1818 570 tra-

298 597 470 647 goedias
497 597 754 646 pullulaverit
783 596 1010 634 hominibus
1040 598 1227 635 absurdis
1249 598 1495 643 curantibus,
1525 610 1577 635 ne
1607 598 1705 647 quid
1734 604 1814 637 tra-

297 663 376 712 gici
405 663 637 701 viderentur
666 663 863 710 omisisse,
895 661 1211 702 Wilamovitzius
1239 664 1428 702 observat
1447 664 1655 714 praeclara
1675 664 1814 714 dispu-

299 728 455 766 tatione
484 729 690 780 Analectis
730 729 958 779 Euripideis
993 729 1145 766 inserta
1180 728 1249 780 111,
1277 731 1302 768 3
1341 742 1380 779 p.
1411 731 1503 770 205.
1569 718 1603 768 E
1636 730 1816 781 pluribus

300 806 435 845 pauca
462 795 649 846 exempla
677 795 830 834 selecta
860 806 1085 847 apponam:

326 861 418 901 Eur.
435 862 562 900 Andr.
583 863 665 902 810
693 859 823 903 πόσιν
851 860 1081 914 τρέμουσα,
1111 860 1165 912 μὴ
1197 859 1291 903 ἀντὶ
1317 863 1405 904 τῶν
1433 861 1705 913 δεδραμένων

695 926 742 968 ἐκ
770 925 895 969 τῶνδ’
926 925 1086 979 ἀτίμως
1118 926 1328 979 δωμάτων
1357 927 1581 982 ἀποσταλῇ

696 992 741 1047 [ἢ
771 991 958 1048 κατθάνῃ
989 992 1193 1035 κτείνασα
1222 994 1325 1045 τοὺς
1354 993 1406 1036 οὐ
1436 994 1516 1046 χρὴ
1547 993 1736 1047 κτανεῖν]

501 1064 560 1102 El.
584 1064 664 1102 308
695 1060 799 1110 αὐτὴ
831 1060 907 1111 μὲν
936 1059 1208 1111 ἐκμοχθοῦσα
1237 1060 1422 1111 κερκίσιν
1449 1061 1641 1111 πέπλους

697 1125 744 1180 [ἢ
773 1126 936 1179 γυμνὸν
965 1125 1045 1169 ἕξω
1072 1127 1197 1178 σῶμα
1226 1126 1295 1169 καὶ
1323 1126 1617 1180 στερήσομαι]

405 1198 569 1235 Hercul.
592 1199 668 1236 184
702 1194 803 1245 ἐροῦ
830 1193 908 1235 τίν’
938 1192 1057 1244 ἄνδρ’
1087 1192 1265 1244 ἄριστον
1293 1193 1528 1245 ἐγκρίναιεν
1557 1194 1610 1236 ἂν

696 1260 740 1312 [ἢ
771 1259 824 1304 οὐ
853 1262 987 1303 παῖδα
1007 1259 1084 1303 τὸν
1105 1259 1221 1314 ἐμόν,
1251 1259 1302 1304 ὃν
1322 1260 1379 1303 σὺ
1400 1260 1487 1313 φὴς
1508 1254 1617 1304 εἶναι
1642 1263 1815 1311 δοκεῖν.]

450 1332 563 1369 Med.
587 1332 665 1369 246
698 1327 778 1370 ἔξω
808 1327 950 1377 μολὼν
979 1326 1142 1368 ἔπαυσε
1172 1326 1350 1378 καρδίαν
1376 1325 1489 1378 ἄσης

698 1392 741 1445 [ἢ
774 1393 884 1445 πρὸς
916 1392 1044 1444 φίλον
1071 1393 1147 1436 τιν’
1176 1391 1202 1444 ἢ
1232 1392 1343 1445 πρὸς
1371 1392 1496 1445 ἥλικα
1526 1393 1739 1446 τραπείς·]

458 1464 567 1513 Cycl.
591 1465 671 1502 202
702 1457 793 1501 ἀλλ’
824 1459 861 1501 εἰ
891 1461 1034 1501 θανεῖν
1063 1461 1138 1509 δεῖ,
1169 1459 1474 1510 κατθανούμεθ’
1505 1459 1693 1510 εὐγενῶς

697 1525 740 1578 [ἢ
770 1527 928 1577 ζῶντες
959 1523 1080 1569 αἶνον
1109 1524 1186 1569 τὸν
1215 1524 1354 1578 πάρος
1386 1524 1433 1569 εὖ
1463 1524 1702 1582 σῴσομεν.]

431 1596 544 1645 Quid
574 1589 703 1646 igitur,
751 1606 919 1646 quaeSO‚
963 1595 997 1632 si
1031 1600 1211 1632 nostrum
1251 1606 1409 1632 versum
1447 1601 1490 1632 et
1524 1606 1598 1644 per
1635 1607 1679 1633 se
1720 1596 1817 1633 satis

297 1665 482 1714 ineptum
520 1668 564 1702 et
602 1674 693 1701 cum
733 1667 820 1701 arte
864 1661 1030 1700 metrica
1072 1666 1324 1711 pugnantem
1370 1661 1504 1700 eidem
1547 1661 1819 1712 interpolandi

300 1731 438 1768 studio
469 1726 718 1767 tribuamus?
775 1727 925 1772 Audio,
955 1727 1102 1776 inquit3
1144 1728 1220 1765 sed
1251 1733 1337 1765 tum
1366 1728 1464 1777 quid
1492 1734 1658 1777 postero
1688 1729 1818 1766 versui

299 1796 531 1835 faciendum
560 1805 652 1833 esse
682 1805 839 1843 censes,
870 1793 936 1844 qui
956 1806 980 1831 e
1000 1793 1266 1844 praecedenti
1287 1798 1397 1832 totus
1417 1781 1597 1844 pendet?
1641 1794 1704 1833 Ne
1724 1807 1817 1833 eum

298 1863 465 1912 quidem
499 1867 612 1900 recte
650 1861 753 1898 tradi
787 1866 899 1910 puto,
945 1860 1058 1898 nisus
1096 1860 1383 1898 observatione
1419 1862 1597 1910 quadam
1626 1863 1817 1912 exemplis

254 1952 261 1960 ·
298 1927 573 1979 compluribus
604 1927 773 1967 firmata.
831 1926 972 1966 Habes
1054 1928 1056 1932 ’

475 1995 560 2034 Alc.
609 1996 660 2034 53
692 1992 771 2034 οὐκ
800 1991 911 2034 ἔστι·
946 1993 1083 2044 τιμαῖς
1113 1991 1218 2044 κάμὲ
1248 1991 1480 2044 τέρπεσθαι
1508 1992 1634 2035 δόκει.

474 2063 562 2103 Alc.
583 2064 662 2101 539
694 2058 772 2102 οὐκ
799 2058 927 2107 ἔστιν,
955 2058 1089 2101 ὦναξ·
1120 2060 1174 2110 μὴ
1204 2057 1379 2101 τοσόνδ’
1409 2058 1525 2101 ἔλθοι
1554 2059 1718 2102 κακόν.·

405 2130 556 2169 Electr.
579 2130 657 2169 759
689 2125 767 2169 οὐκ
798 2125 910 2169 ἔστι·
940 2125 1206 2178 νικώμεσθα·

467 2197 554 2236 Ion.
577 2198 656 2236 341
689 2193 769 2236 οὐκ
798 2193 933 2235 ἔστιν·
965 2191 1125 2244 ἀνδρὸς
1156 2192 1322 2234 ἀδικίαν
1352 2191 1609 2244 αἰσχύνεται.

398 2263 485 2314 lph.
506 2263 554 2302 T.
577 2263 656 2302 538
687 2260 765 2303 οὐκ
794 2259 932 2302 ἔστιν·
964 2258 1109 2312 ἄλλως
1137 2258 1277 2311 λέκτρ’
1305 2258 1423 2311 ἔγημ’
1454 2259 1501 2302 ἐν
1531 2260 1686 2303 Αὐλίδι.

449 2331 557 2382 Cycl.
582 2333 660 2371 116
691 2328 770 2371 οὐκ
800 2327 903 2371 εἴσ’·
934 2327 1082 2381 ἔρημοι
1111 2330 1282 2380 πρῶνες
1313 2326 1559 2380 ἀνθρώπων,
1588 2328 1695 2371 ξένε.

419 2399 532 2437 Med.
557 2399 665 2437 1404
695 2394 774 2437 οὐκ
804 2394 917 2437 ἔστι·
954 2393 1089 2447 μάτην
1120 2393 1228 2446 ἔπος
1257 2393 1457 2446 ἔῤῥιπται.

422 2466 555 2506 Orest.
579 2466 659 2505 307
690 2461 769 2504 οὐκ
789 2461 905 2504 ἔστι·
936 2462 1019 2504 σὺν
1038 2461 1111 2504 σοὶ
1127 2461 1196 2504 καὶ
1212 2463 1356 2505 θανεῖν
1372 2461 1600 2514 αἱρήσομαι
1620 2462 1626 2516 Ι
1643 2463 1815 2515 καὶζῆν,

404 2532 559 2571 Troad.
580 2533 660 2571 306
692 2528 771 2571 οὐκ
800 2528 940 2571 ἔστιν·
973 2528 1025 2571 οὐ
1053 2529 1309 2580 πιμπρᾶσιν·

417 2599 558 2648 fragm.
581 2600 661 2638 373
692 2595 771 2638 οὐκ
799 2595 928 2647 ἔστιν,
962 2594 997 2637 ὦ
1027 2595 1185 2648 γεραιέ,
1219 2594 1273 2646 μὴ
1304 2593 1452 2650 δείσῃς
1480 2594 1600 2637 τάδε·
1619 2594 1635 2622 ¹

693 2662 746 2704 τὰ
775 2661 1013 2705 Δαιδάλεια
1041 2660 1183 2704 πάντα
1213 2662 1421 2704 κινεῖσθαι
1451 2661 1579 2704 δόκει.

428 2813 442 2839 ¹
465 2816 675 2860 paucissima
697 2816 801 2849 huius
827 2816 964 2858 generis
989 2815 1147 2859 exempla
1172 2815 1286 2848 adfert
1309 2814 1400 2849 Eric.
1425 2815 1576 2854 Bussler,
1607 2816 1652 2849 de
1677 2819 1814 2849 senten-

298 2876 422 2916 tiarum
447 2873 605 2918 asyndeti
631 2885 696 2907 usu
721 2873 928 2917 Euripideo.
978 2874 1074 2908 Diss.
1100 2873 1183 2907 Hal.
1208 2874 1336 2908 Saxon.
1366 2872 1467 2908 1887.
1493 2884 1528 2917 p.
1553 2872 1610 2908 28.
