2047 3253
1010 158 1057 193 35

279 290 381 329 quos
401 288 542 315 versus
553 272 702 319 nescio
731 286 797 313 an.
812 274 955 313 iniuria
973 275 1142 322 Kvicala
1170 276 1462 326 suspectaverit
1478 272 1507 315 ¹.
1563 275 1793 324 Sophocles

279 357 375 384 vero
404 342 657 394 participium
676 342 924 387 substantivi
951 342 1043 381 loco
1069 343 1246 393 positum
1274 343 1315 380 in
1344 343 1410 382 illa
1440 342 1792 381 circumlocutione

279 410 464 450 adhibuit
952 439 955 443 .

333 476 618 523 Trach.1013
664 487 749 518 και
771 475 850 518 νῦν
877 472 948 516 ἐπὶ
975 476 1084 528 τῷδε
1109 475 1318 516 νοσοῦντι

444 578 447 582 .
616 552 625 561 ’
661 539 725 582 οὐ
755 542 841 590 πῦρ
869 539 950 582 οὐκ
968 539 1095 591 ἔγχος
1122 553 1185 591 τις
1205 539 1413 591 ὀνήσιμον
1442 540 1521 583 οὐκ
1553 539 1791 593 ἐπιτρέψει;

277 611 365 650 Nec
393 586 602 659 postremo
632 607 779 649 tacebo
813 607 1010 657 pluralem
1045 609 1087 646 in
1117 609 1236 648 simili
1272 609 1450 647 dictione
1479 615 1725 658 usurpatum,
1756 610 1793 647 si

277 677 445 728 quidem-
470 686 629 718 versum
658 674 844 713 Electrae
870 674 1115 724 Euripideae
1141 677 1221 713 676
1250 676 1291 712 in
1318 676 1585 713 adnotatione
1613 676 1788 726 paginae

278 744 330 782 24
360 741 543 780 subiecta
571 746 681 789 recte
711 741 769 779 sic
798 742 1098 788 emendandum
1124 754 1214 780 esse
1243 743 1550 782 contendimus:
1574 741 1652 792 δὸς
1680 743 1788 792 δῆτα

277 806 443 859 πατρὸς
472 807 620 850 τοῖσδε
649 806 850 858 τιμωροῑς
879 804 970 861 δίκῃ
987 805 1015 848 2.
1496 861 1498 863 Ι

407 876 669 914 Relincuntur
701 887 924 925 perpauca
969 875 1035 913 illa
1076 876 1275 926 exempla,
1319 877 1360 913 in
1406 876 1548 926 quibus
1587 873 1663 916 ὅδε
1701 877 1789 915 sine

278 943 509 993 adiectione
538 942 717 1007 positum
743 942 953 985 notionem
972 939 1065 989 ,ἐγώ
1092 943 1340 993 pronominis
1370 944 1432 981 vel
1463 943 1598 992 explet
1627 944 1689 981 vel
1717 957 1788 982 ex-

275 1011 384 1060 plere
415 1009 678 1048 existimatur.
735 1009 855 1057 Quae
883 1009 1114 1058 singillatim
1142 1010 1413 1048 recensiturus
1443 1009 1598 1048 initium
1629 1010 1734 1048 facio
1766 1023 1791 1048 a

279 1076 457 1115 versibus
487 1077 578 1116 Eur.
609 1075 772 1115 Troad.
793 1074 1030 1114 difficillimis
1061 1077 1142 1115 940
1171 1088 1230 1125 sq.
1535 1077 1539 1083 ‘

508 1165 510 1168 ·
540 1150 632 1203 ἦλθ’
662 1150 757 1204 οὐχὶ
785 1150 934 1204 μικρὰν
963 1150 1064 1193 θεὸν
1093 1150 1202 1203 ἔχων
1232 1150 1364 1193 αὑτοῦ
1394 1150 1500 1203 μέτα

524 1218 565 1260 Υὁ
594 1218 717 1269 τῆσδ’
747 1216 960 1269 ἀλάστωρ,
990 1216 1075 1259 εἴτ’>
1095 1216 1374 1269 Ἀλέξανδρον
1404 1218 1544 1269 θέλεις

540 1283 716 1335 ὀνόματι
746 1285 1024 1338 προσφωνεῖν
1051 1288 1116 1325 νιν
1145 1281 1228 1325 εἴτε
1258 1282 1327 1324 καὶ
1358 1282 1512 1336 Πάριν,

276 1366 420 1415 quibus
458 1366 510 1403 de
546 1366 726 1415 versibus
747 1371 749 1373 '
768 1365 820 1402 ab
847 1363 1017 1403 Helena
1063 1364 1332 1415 pronuntiatis
1371 1369 1506 1403 exstat
1544 1365 1789 1415 amplissima

277 1433 449 1471 Nauckii
478 1433 696 1482 disputatio
738 1432 779 1470 in
807 1429 1041 1469 Studiorum
1071 1431 1368 1481 Euripidiorum
1392 1424 1598 1469 'volumine
1625 1431 1662 1469 II
1690 1431 1786 1470 inde

277 1512 302 1537 a
331 1512 367 1548 p.
401 1501 493 1539 150.
550 1500 613 1537 Ibi
636 1504 854 1550 postquam
879 1498 1025 1536 ultima'
1048 1494 1124 1538 εἴτ’
1148 1489 1431 1548 Ἀλέξανδρον
1461 1518 1513 1526 —·
1541 1495 1680 1548 Πάριν
1701 1499 1787 1537 ina-

278 1567 443 1604 nissimo
474 1567 695 1604 verborum=
723 1566 868 1603 tinnitu
904 1566 1086 1604 laborare
1120 1571 1160 1602 et
1195 1566 1304 1603 omni
1333 1565 1517 1617 acumine
1547 1577 1685 1603 carere
1714 1567 1788 1603 de-

276 1633 524 1687 monstravit,
559 1638 604 1671 ut
639 1632 735 1670 vitio
773 1632 995 1677 medeatur,
1039 1632 1298 1669 audaciorem
1332 1632 1465 1670 hercle
1510 1632 1786 1681 coniecturam

276 1699 335 1738 vir
360 1699 617 1737 doctissimus
646 1699 838 1749 proponit
864 1698 990 1737 hanc:

498 1773 523 1816 ὁ
553 1770 674 1824 τῆσδ’
704 1772 917 1825 ἀπὰκτωρ,
947 1771 1019 1815 εἴτ’
1045 1771 1329 1824 Ἀλέξανδρον
1358 1772 1496 1824 θέλεις

491 1839 669 1891 ὀνόματι
698 1840 978 1892 προσφωνεῖν
1007 1852 1073 1882 νιν
1103 1838 1179 1881 εἴτ’
1209 1837 1440 1890 ἀλάστορα.

273 1920 363 1969 Ego
394 1931 488 1957 vero
527 1920 641 1958 aliter
677 1921 732 1958 de
766 1921 843 1958 isto
881 1920 969 1957 loco
1012 1921 1161 1957 sentire
1195 1932 1260 1957 me
1299 1920 1493 1969 profiteor
1528 1931 1662 1969 neque
1695 1918 1790 1955 mihi

274 1986 398 2025 videri
428 1997 521 2024 eum
549 1985 658 2024 adeo
689 1986 963 2035 desperatum,
992 1992 1036 2023 ut
1064 1986 1172 2024 visus
1193 1993 1255 2024 est
1277 1985 1472 2024 Nauckio.
1531 1985 1647 2036 Nam,
1676 1995 1783 2037 quae

272 2052 400 2102 prima
429 2057 472 2089 et
501 2052 637 2090 ultima
666 2052 766 2110 ratio
785 2057 868 2098 -est,
898 2049 923 2092 ὁ
953 2048 1076 2100 τῆσδ’
1105 2052 1300 2102 intellego
1336 2045 1473 2092 ‘filius
1492 2043 1680 2090 huiusce'
1709 2053 1785 2091 sci-

272 2119 366 2156 licet
384 2119 580 2156 Hecubae
601 2118 812 2165 adstantis,
844 2123 966 2166 quam
995 2119 1124 2166 digito
1144 2118 1303 2155 Helena
1332 2124 1550 2157 monstrat:
1582 2124 1668 2156 tum
1689 2123 1784 2156 ante

273 2180 472 2234 ἀλάστωρ
501 2184 831 2235 interpunctionis
858 2185 1017 2234 signum
1044 2196 1242 2235 ponamus
1270 2195 1443 2223 necesse
1471 2190 1559 2225 est:

761 2276 781 2289 A

404 2340 419 2367 ¹
443 2343 642 2378 Paullulum
668 2343 735 2378 alia
760 2354 817 2377 res
843 2348 897 2377 est
919 2343 1005 2378 Hel.
1032 2342 1124 2379 1168
1153 2343 1408 2386 Θεοκλύμενος
1432 2347 1520 2386 παῖς
1542 2344 1608 2380 ὅδε
1633 2354 1787 2388 προσεν-

273 2403 387 2446 νέπω,
412 2403 467 2437 El.
494 2402 596 2442 1240,
621 2403 699 2446 Iph.
717 2405 758 2436 T.
787 2402 889 2445 1436,
915 2403 976 2436 Or.
999 2402 1099 2445 1626,
1124 2403 1260 2437 Phoen.
1280 2402 1382 2437 1758.
1431 2404 1520 2436 Tum
1544 2408 1626 2436 nota
1650 2404 1786 2438 univer-

274 2471 350 2494 sum
374 2461 452 2505 hoc,
479 2462 522 2495 de
546 2472 617 2505 quo
641 2461 710 2505 egi,
739 2460 878 2494 dicendi
901 2471 1012 2503 genus
1038 2461 1082 2494 ab
1099 2460 1270 2504 Euripide
1289 2461 1508 2504 potissimum
1525 2462 1562 2494 in
1579 2462 1784 2506 antiquiori-

273 2519 339 2552 bus
364 2520 493 2552 fabulis
517 2520 682 2564 usurpari.
733 2520 885 2552 Videtur
919 2519 1011 2552 enim
1036 2520 1195 2552 versibus
1225 2519 1442 2562 complendis
1475 2519 1579 2552 fuisse
1610 2520 1783 2552 idoneum.

273 2577 361 2611 Inde
386 2583 486 2612 aucta
508 2578 691 2622 paullatim
716 2577 874 2611 sollertia
896 2577 1047 2620 tragicus
1071 2577 1171 2611 illum
1195 2589 1295 2610 usum
1320 2578 1450 2612 vitavit.

403 2635 420 2660 ²
442 2639 499 2670 Ne
525 2638 603 2681 quis
629 2636 711 2682 δίκῃ
738 2637 905 2678 languere
929 2637 1099 2680 opinetur,
1131 2637 1325 2679 praeiverat
1350 2637 1493 2670 Orestes
1522 2637 1634 2669 verbis
1659 2636 1783 2669 demis-

276 2694 448 2729 sioribus:

553 2752 660 2797 νίκην
685 2752 748 2795 δὸς
772 2753 871 2796 ἡμῖν,
897 2752 942 2788 εἰ
969 2752 1088 2788 δίκα
1102 2751 1131 2787 ι’
1157 2752 1370 2796 αἰτούμεθα,

274 2818 362 2852 quae
387 2811 564 2845 confestim
588 2812 740 2852 Electra,
768 2815 888 2856 utpote
914 2811 1010 2845 cuius
1034 2811 1147 2845 acrius
1173 2811 1220 2844 sit
1240 2811 1426 2853 ingenium,
1452 2811 1596 2855 excipit:

555 2870 620 2913 δὸς
645 2871 742 2914 δῆτα
765 2870 907 2915 πατρὸς
929 2870 1056 2905 τοῖσδε
1081 2873 1256 2914 τιμωροῖς
1280 2869 1362 2904 δίκ
1376 2880 1412 2914 ῃ.
