2047 3253
996 215 1041 252 21

396 330 479 374 ΟΡ.
521 329 704 383 Ἀτρέως
732 330 925 373 Θυέστου
953 329 987 372 τ’
1020 329 1149 372 οἶσθα
1177 331 1411 383 γενομένην
1441 330 1546 382 ἔριν;

411 397 476 439 ΙΦ.
519 396 700 450 ἤκουσα,
728 400 892 448 χρυσῆς
920 395 1051 448 ἀρνὸς
1079 396 1184 448 ἡνίκ’
1213 396 1267 448 ἦν
1295 397 1401 448 πέρι.

265 467 457 505 Ultimum
492 477 650 504 versum
687 477 779 503 cum
814 465 904 504 labe
934 465 1127 503 infectum
1165 473 1381 503 vocassent
1411 467 1566 504 iudices
1605 466 1780 515 integer-

264 533 349 571 rimi
371 533 611 581 Marklandi‚
642 532 823 578 Porsoni,
853 544 961 570 nunc
990 532 1126 570 omnia
1155 538 1266 571 recte
1287 539 1392 571 stare
1415 532 1640 571 Schoenius
1660 533 1780 571 evicit

265 600 418 638 Troad.
450 612 486 637 v.
519 601 570 639 69
593 612 652 649 sq.
679 599 856 638 collatis:

409 664 495 707 ΑΘ«
527 663 605 707 οὐκ
635 662 743 706 οἷσθ’
775 662 1052 716 ὑβρισθεῖσάν
1082 677 1131 715 με
1161 663 1229 706 καὶ
1258 664 1391 716 ναοὺς
1421 664 1573 715 ε’μούς;

393 731 484 773 ΠΟ.
524 730 618 784 οἶδ’,
648 730 753 781 ἡνίκ’
782 730 886 781 Αἴας
916 729 1028 772 εἷλκε
1060 729 1313 782 Κασάνδραν
1343 731 1423 784 βίᾳ.

264 800 416 838 Verum
445 799 553 836 enim
584 810 678 837 vero
708 799 930 837 rectissime
954 800 1119 848 quidem
1146 800 1309 838 dicitur:
1337 793 1450 837 ‘Scio
1474 805 1514 837 te
1533 799 1779 837 contumelia

264 879 354 906 esse
383 865 600 914 adfectam,
632 877 725 904 cum
754 865 857 904 Aiax
885 865 1137 905 Casandram
1167 872 1326 916 raperet
1337 863 1358 912 ³,
1390 867 1582 916 quoniam
1611 867 1778 904 diversis

263 932 456 971 orationis
484 932 675 970 membris
702 932 860 970 diversa
889 933 1169 982 enuntiantur3
1200 940 1243 970 at
1271 933 1433 970 minime
1460 939 1588 972 reete:
1615 930 1780 970 ‘Audivi

263 1000 377 1039 Atrei
396 1005 440 1037 et
463 998 654 1048 Thyestis
673 999 799 1037 rixam
819 999 1022 1037 exstitisse
1051 1019 1107 1026 -
1135 1000 1178 1037 id
1207 1000 1315 1037 enim
1345 1001 1617 1050 supplendum
1646 997 1776 1036 est*—

264 1079 355 1105 cum
385 1066 440 1103 de
478 1077 600 1103 aureo
636 1065 762 1103 ariete
792 1062 911 1117 (rixa)
943 1057 1086 1105 esset'.
1148 1067 1241 1105 Hoc
1276 1073 1338 1105 est
1372 1067 1433 1105 bis
1472 1067 1583 1105 idem
1618 1067 1778 1112 dicere;

265 1135 389 1171 immo
407 1133 507 1171 haec
526 1132 763 1170 insanientis
785 1132 917 1171 verba.
976 1133 1080 1170 Nam
1109 1134 1193 1170 fieri
1222 1134 1373 1181 nequit,
1404 1119 1516 1183 quod
1546 1140 1620 1172 est.
1667 1132 1781 1179 Quo-

202 1216 205 1220 *
266 1200 372 1237 circa
402 1199 489 1236 iure
519 1198 687 1235 Porsoni
713 1198 907 1236 iudicium
937 1199 1127 1248 amplecti
1155 1198 1250 1236 mihi
1284 1199 1433 1245 videor,
1463 1200 1538 1238 nisi
1560 1199 1672 1250 quod
1698 1210 1779 1237 una

264 1266 393 1307 littera
425 1265 674 1314 transposita
704 1277 862 1303 versum
889 1267 1020 1303 sanari
1049 1266 1315 1303 crediderim:

526 1328 713 1379 ἤκουσα·
743 1331 907 1381 χρυσῆς
937 1327 1069 1381 ἀρνὸς
1095 1328 1155 1381 ἦν
1184 1328 1326 1382 νείκη
1356 1328 1464 1381 πέρι.

266 1400 363 1448 Iam,
397 1401 557 1450 opinor,
586 1398 794 1447 intelleges
825 1410 895 1436 cur
924 1398 1088 1437 Orestes
1119 1411 1310 1449 quaerere
1340 1404 1497 1448 pergat:

340 1463 455 1506 ταῦτ’
479 1463 580 1518 (scil.
601 1465 654 1506 τὰ
673 1464 807 1518 νείκη)
828 1464 1114 1517 οὖν,ὑφήνασ’
1137 1464 1245 1507 οἶσθ’
1268 1465 1316 1507 έν
1336 1464 1535 1516 εὐπήνοις
1556 1463 1706 1516 impoti-33

266 1533 392 1581 Quod
424 1546 437 1574 ι
465 1534 507 1572 in
536 1545 572 1574 ει
602 1535 712 1572 abire
737 1535 847 1581 iussi,
878 1547 997 1573 nemo
1018 1537 1163 1573 doctus
1183 1535 1421 1581 morabitur;
1452 1546 1557 1583 quae
1578 1533 1777 1571 litterulae

266 1605 310 1637 ut
336 1608 534 1651 perpetuo
564 1601 909 1640 confunderentur
939 1614 1013 1640 nec
1041 1614 1123 1640 non
1154 1613 1189 1642 ει
1220 1608 1261 1639 et
1287 1613 1326 1650 η,
1358 1607 1434 1640 iet
1454 1611 1492 1649 η,
1522 1605 1776 1649 posterorum

267 1667 440 1705 elocutio
471 1668 618 1708 effecit,
677 1668 798 1718 Soph.
828 1669 888 1708 Ai.
918 1670 996 1708 946
1028 1681 1119 1706 cum
1146 1681 1168 1707 e
1198 1669 1404 1706 codicibus
1431 1668 1573 1704 edatur

526 1731 633 1784 ὤμοι
663 1731 914 1785 ἀναλγήτων

528 1801 692 1843 δισσῶν
720 1799 935 1853 ἑθρόησας
965 1798 1112 1842 ἄναυδ’

527 1865 613 1917 ἔργ’
646 1866 862 1918 Ἀτρειδᾶν
890 1866 989 1922 τῷδ’
1020 1865 1124 1918 ἄχει,

260 1946 344 1972 non
373 1946 451 1984 ego
486 1947 572 1973 sum
592 1941 674 1973 tam
694 1935 855 1985 sapiens
875 1935 942 1984 qui
963 1935 1170 1984 quomodo
1191 1946 1284 1972 esse
1305 1935 1434 1984 possit
1453 1934 1700 1982 intellegam,
1735 1939 1778 1970 ut

261 1997 367 2049 ἄχει,
388 2001 511 2038 animi
527 2002 686 2052 affectu,
707 2003 812 2039 mala
829 2001 1009 2039 facinora
1024 2001 1346 2051 pronuntientur.
1391 2001 1549 2038 Idcirco
1565 1999 1779 2049 temptavi:

525 2065 631 2117 ὤμοι
660 2064 911 2118 ἀναλγήτων

524 2135 694 2175 δισσῶν*
716 2132 932 2185 ἑθρόησας
962 2131 1112 2175 ἄναυδ’

522 2198 609 2252 ἔργ’
640 2192 872 2253 Ἀτρειδᾶν,
901 2199 1001 2255 τῷδ’
1032 2198 1253 2252 (praesenti
1284 2202 1475 2250 Eurysaci
1492 2198 1525 2252 1)
1557 2198 1679 2250 ἄχη.

262 2269 371 2320 τῷδε
409 2268 608 2306 librarium
644 2269 686 2306 in
724 2279 898 2306 errorem
934 2268 1114 2307 abduxit.
1182 2268 1264 2306 Sed
1294 2279 1530 2317 comparare
1561 2268 1652 2306 licet
1682 2268 1777 2306 Eur.

261 2333 412 2374 Phoen.
443 2348 478 2374 v,
511 2337 615 2375 1043
638 2347 696 2385 sq.
718 2331 868 2387 χρόνῳ
897 2331 933 2375 δ’
964 2332 1041 2385 ἔβα
1062 2355 1111 2362 —·
1137 2332 1340 2383 Οἰδίπους
1369 2332 1393 2373 ὁ
1421 2332 1592 2382 τλάμων
1612 2355 1665 2360 -—
1686 2333 1775 2374 τότ’

260 2396 476 2451 ἀσμένοις,
505 2397 631 2440 πάλιν
660 2397 699 2440 δ’
729 2397 822 2450 ἄχη,
865 2401 994 2439 multo
1023 2401 1220 2440 audacius
1251 2401 1415 2445 dictum,
1456 2413 1537 2451 quo
1567 2401 1658 2439 loco
1689 2413 1776 2438 mu-

261 2468 367 2506 nitus
397 2468 710 2506 Wilamovitzius
740 2468 834 2507 Eur.
865 2468 984 2507 Herc.
1016 2468 1089 2508 fur.
1123 2470 1249 2507 1422:

459 2532 550 2574 ἀλλ’
581 2531 790 2584 εἰσκόμιζε
820 2531 959 2583 τέκνα,
991 2532 1118 2584 πατρὶ
1148 2531 1396 2584 δυσκόμιστ’
1427 2531 1495 2585 ἄχ
1513 2546 1537 2584 η

261 2601 444 2653 restituit,
474 2602 582 2641 libris
612 2598 879 2650 δυσκόμιστα
905 2602 959 2650 γῆ
989 2603 1354 2651 suppeditantibus.
1414 2602 1533 2640 Unde
1564 2602 1689 2638 etiam
1720 2601 1777 2637 fa-

262 2666 373 2706 cilius
403 2669 476 2709 sit:
892 2655 896 2659 ’

458 2733 549 2775 ἀλλ’
581 2734 788 2785 εἰσκόμιζε
817 2734 959 2780 τέκνα,
988 2733 1115 2785 πατρὶ
1145 2731 1390 2785 δυσκόμιστ’
1421 2731 1541 2783 ἄγη.

241 2933 246 2937 ¹
392 2880 406 2904 ¹
431 2884 475 2917 cf.
493 2885 606 2924 verba,
634 2895 721 2928 quae
737 2884 958 2928 praecedunt,
995 2884 1081 2917 Sunt
1094 2884 1317 2920 Tecmessae:
1346 2883 1456 2928 οἴμοι,
1482 2883 1657 2928 τέκνον,
1682 2883 1776 2928 πρὸς

261 2937 323 2975 οἷα
348 2939 517 2985 δουλείας
541 2943 634 2987 ζυγὰ
659 2946 863 2989 χωροῦμεν.
