2047 3253
1005 165 1049 205 18

269 285 449 337 codices,
482 282 527 328 'in
564 279 709 340 quibus
740 293 950 326 exaratum
979 288 1050 325 sit:
1093 285 1225 327 αὐτοῦ
1265 285 1313 328 δὲ
1350 281 1508 339 βαίνων
1545 293 1622 329 etc.
1681 286 1785 329 Tec-

271 369 408 398 messa
426 357 655 408 Sophoclea
683 361 901 406 postquam
923 356 1088 394 Aiacem
1118 368 1141 393 e
1173 356 1304 395 furore
1329 345 1474 395 misere
1503 357 1786 396 resuscitatum

268 427 371 463 intra
401 425 569 462 arietum
600 424 802 461 cadavera
830 423 1100 460 concubuisse
1130 423 1317 469 narravit,
1362 435 1397 461 v.
1421 424 1497 462 311
1530 424 1680 473 pergit:
1717 421 1786 462 καὶ

267 489 345 532 τὸν
375 489 450 540 μὲν
478 487 588 539 ἧστο
619 489 825 529 πλεῖστον
862 485 1087 538 ἄφθογγος
1124 485 1296 540 χρόνον,
1340 489 1407 527 ubi
1450 501 1541 528 cum
1580 491 1785 528 articulum

269 555 375 595 m'ale
404 570 429 594 a
457 552 632 603 nomine,
669 567 752 605 quo
783 556 967 604 pertinet,
999 554 1199 592 divulsum
1230 567 1320 592 esse
1347 556 1552 607 sensisset,
1580 555 1785 594 Nauckius

268 621 335 663 καὶ
368 620 466 662 τότε
496 620 572 670 μὲν
597 618 708 671 ἧστο
736 622 935 671 corrigere
966 621 1104 665 voluit,
1135 632 1213 669 ego
1244 622 1298 659 de
1328 618 1406 661 κάκ
1436 621 1527 674 τοῦ,
1544 620 1619 671 μὲν
1647 619 1786 671 ἧστο1

268 689 514 741 cogitabam,
559 700 665 738 quae
707 688 904 737 scriptura
942 693 984 724 et
1019 687 1247 725 sententiae
1283 688 1493 726 satisfacit-
1522 694 1564 726 et
1600 689 1785 727 facillime

267 757 469 806 corrumpi
498 757 645 806 potuit.
704 755 796 793 Hoc
827 755 934 791 enim
961 760 1113 792 certum
1143 761 1206 792 est
1235 755 1349 800 crasi,
1380 766 1483 804 quae
1513 756 1669 804 dicitur,
1697 769 1786 806 per-

266 835 381 860 verse
422 822 629 860 intellecta
665 821 853 871 plurimas
885 821 1132 869 corruptelas
1169 821 1208 858 in
1247 821 1353 858 libris
1382 821 1552 859 Graecis
1590 823 1785 871 originem

267 883 445 929 duxisse.
504 889 566 927 Ne
597 889 733 927 desint
762 888 958 937 exempla,
989 887 1112 937 Soph.
1147 888 1208 926 El.
1239 900 1296 926 vs.
1332 890 1410 927 150
1442 900 1500 938 sq.

465 952 515 994 ἰὼ
551 954 798 1002 παντλᾶμον
829 951 974 1003 Νιόβα.
1005 952 1056 992 σε
1088 950 1123 992 δ’
1157 951 1290 1000 ἔγωγε
1316 945 1433 1001 ’νέμω
1463 952 1575 1002 θεόν,

466 1019 530 1061 ἅτ’
562 1020 609 1061 ἐν
637 1018 763 1072 τάφῳ
793 1019 979 1073 πετραίῳ

466 1085 555 1126 αἰαῖ
584 1085 791 1136 δακρύεις,

270 1155 472 1205 siquidem
504 1150 578 1194 ἅτε
606 1153 768 1192 tolerari
797 1153 951 1203 nequit,
982 1164 1167 1203 propono

467 1219 534 1260 ἃ’ν
562 1218 685 1273 τάφῳ
715 1218 899 1271 πετραίῳ

467 1285 560 1338 αἰαῖ,
582 1285 790 1338 δακρύεις,

271 1357 384 1405 quod
413 1356 522 1405 enim
551 1355 592 1391 in
622 1354 789 1403 stropha
817 1352 914 1393 ἐᾶτε
941 1351 979 1402 μ’
1003 1350 1078 1393 ὧδ’
1100 1351 1245 1402 ἀλύειν
1267 1360 1412 1400 exstat,
1446 1368 1527 1392 non
1548 1342 1670 1392 video
1689 1356 1786 1405 quid

269 1421 482 1471 prohibeat
510 1421 728 1470 quominus
759 1417 855 1459 ἐᾶτε
883 1421 922 1457 in
954 1420 1121 1470 synizesi
1143 1420 1461 1472 pronuntiemus,
1490 1428 1534 1458 ut
1554 1421 1704 1459 factum
1725 1428 1786 1459 est

270 1488 415 1526 Trach.
441 1488 547 1526 1005
563 1485 591 1525 ².
650 1487 787 1524 Tenes
818 1487 937 1535 igitur
966 1487 1103 1523 vitium
1134 1498 1156 1522 e
1185 1498 1335 1536 genere
1365 1499 1519 1532 eorum,
1550 1489 1668 1536 quale
1689 1488 1784 1525 Mei-

268 1555 411 1592 nekius
439 1566 489 1591 ex
510 1554 683 1591 Hecuba
705 1554 924 1603 Euripidea
951 1554 1113 1603 expulit,
1140 1547 1252 1591 'cum
1282 1566 1316 1593 v,
1340 1554 1390 1591 80
1419 1550 1583 1603 ἄγκυρά
1606 1550 1641 1593 τ’
1672 1552 1786 1604 ἐμῶν

270 1623 310 1659 ἰη
341 1618 485 1670 ἄγκυρ’
517 1617 638 1670 ἀμῶν
666 1626 852 1666 mutaret,
891 1627 931 1658 et
961 1620 1231 1658 Kirchhoffius
1263 1632 1285 1658 e
1317 1620 1465 1660 Bacch.
1510 1632 1627 1659 versu
1665 1622 1786 1672 1257,

269 1701 360 1726 cum
391 1700 463 1738 pro
495 1685 565 1727 σοί
593 1683 629 1725 τ’
661 1684 779 1726 ἐστιν
807 1693 1025 1736 reponeret
1053 1684 1234 1726 σούστίν
1251 1684 1277 1727 ⁸.
1335 1687 1427 1725 Hoc
1448 1693 1584 1724 autem
1603 1687 1704 1724 illud
1724 1693 1787 1724 est

269 1769 340 1794 cur
367 1755 585 1806 Nauckius‚
616 1755 711 1792 dum
741 1754 781 1791 in
811 1755 953 1792 ceteris
984 1754 1254 1804 Hartungium
1285 1761 1447 1792 secutus
1488 1755 1635 1793 rectius
1664 1754 1787 1792 inter-

270 1824 493 1873 pungendo
522 1833 678 1859 versum
701 1820 806 1871 Cycl.
845 1822 921 1860 145
943 1827 1144 1870 persanat,
1175 1828 1309 1860 tamen
1340 1823 1464 1860 edere
1485 1817 1788 1860 debuerim-68

270 1887 296 1929 ἅ
314 1898 379 1930 σκ
396 1887 420 1929 ό
437 1902 472 1939 ς,
502 1887 552 1937 ὃς
583 1886 719 1940 κεύθει
749 1900 826 1928 νιν.
878 1885 1064 1940 εἰσορᾷς,
1093 1886 1245 1937 γέρον;
1276 1890 1466 1938 quoniam
1487 1889 1590 1926 ratio
1610 1889 1789 1938 postulat

269 1963 314 1994 ut
343 1957 448 1993 inter
479 1953 544 1994 ὅδ’
575 1952 710 2003 ἀσκός
739 1960 782 1992 et
812 1952 877 1994 ὅδ’
908 1952 1045 2004 ἀσκός
1080 1956 1190 1992 idem
1221 1956 1436 1993 discrimen
1466 1956 1548 1999 fiat,
1584 1956 1697 2005 quod
1725 1960 1788 1991 est

268 2025 372 2061 inter
401 2018 466 2062 ὅδ’
499 2019 607 2070 ἀνήρ
637 2018 725 2060 ‘hic
755 2019 892 2059 homo'
939 2029 980 2059 et
1009 2018 1072 2061 ὅδ’
1103 2019 1211 2071 ἁνήρ
1248 2015 1370 2060 ‘ecce
1399 2016 1556 2060 homo'.
1616 2021 1789 2059 Concla-

268 2095 399 2127 matus
427 2095 491 2127 est
522 2090 705 2127 eiusdem
736 2087 922 2138 Cyclopis
955 2101 990 2128 v,
1023 2089 1102 2127 288

327 2153 380 2204 μὴ
412 2155 513 2208 τλῇς
542 2153 652 2204 πρὸς
683 2151 817 2203 ἄντρα
846 2152 955 2204 σοὺς
987 2151 1251 2205 ἀφιγμένους
1281 2154 1430 2205 ξένους
1454 2154 1461 2205 1
1488 2155 1658 2195 κτανεῖν

270 2223 346 2260 sed
373 2234 507 2271 neque
537 2234 628 2260 cum
659 2221 945 2259 Heimsoethio
976 2219 1085 2271 πρὸς
1114 2218 1249 2272 ἄντρα
1268 2223 1308 2259 in
1337 2221 1447 2273 πρὸς
1478 2219 1622 2271 οἴκους
1652 2233 1788 2260 emen-

270 2290 369 2326 dare
398 2289 531 2338 placet
554 2300 688 2337 neque
720 2294 790 2326 aut
814 2288 1034 2326 Hermanni
1053 2295 1323 2326 commentum
1354 2287 1464 2338 πρὸς
1486 2286 1620 2337 ἄντρα
1649 2286 1702 2327 τὰ
1731 2285 1788 2326 σά

271 2354 310 2404 γ’
331 2361 402 2394 aut
423 2355 626 2405 Hartungi
647 2353 757 2405 πρὸς
788 2352 922 2404 ἄντρα
953 2353 1010 2395 σὰ
1040 2353 1133 2396 τάδ’
1164 2362 1233 2394 aut
1263 2355 1484 2394 Weckleini
1515 2354 1625 2406 πρὸς
1656 2352 1789 2405 ἄντρα

270 2424 354 2462 σοῦ
384 2422 424 2470 γ’
455 2428 524 2460 aut
553 2423 600 2461 F.
633 2423 684 2461 G.
718 2423 915 2460 Schmidti
950 2421 1059 2472 πρὸς
1091 2420 1225 2472 ἄντρα
1255 2419 1296 2462 σ’
1327 2421 1659 2473 εἰσαφιγμένους
1694 2422 1789 2460 mihi

272 2490 455 2534 adridet;
486 2501 581 2527 nam
611 2489 644 2526 si
673 2490 773 2539 quid
803 2490 922 2527 video
952 2501 1005 2526 ne
1035 2490 1209 2527 litterula
1239 2490 1403 2539 quidem
1443 2495 1692 2528 commutata
1722 2492 1789 2526 ve-

270 2550 357 2594 rum
388 2562 664 2606 recuperatur:
696 2554 749 2604 μὴ
780 2555 883 2607 τλῇς
911 2553 1021 2604 πρὸς
1042 2552 1176 2604 ἄντρα
1205 2553 1588 2606 σούσαφιγμένους
1608 2554 1758 2605 ξένους
1787 2552 1792 2606 Ι

404 2719 418 2745 ¹
443 2723 546 2754 Hanc
575 2722 807 2754 coniecturam
834 2726 961 2753 temere
985 2732 1004 2753 a
1020 2732 1074 2753 me
1091 2720 1253 2764 prolatam
1280 2731 1358 2753 esse
1383 2731 1474 2754 nunc
1497 2720 1676 2761 intellego.
1702 2721 1789 2755 καύ-

270 2783 339 2814 τοί)
366 2780 433 2821 μὲν
458 2781 566 2813 suasit
594 2781 744 2813 Usener.

402 2835 419 2860 2
443 2838 485 2873 cf.
511 2839 614 2871 Baier
638 2849 671 2881 p.
689 2837 746 2871 45.
1661 2886 1664 2887 γ

403 2893 486 2930 3'cf.
513 2896 682 2940 Aeschyl.
708 2897 825 2930 Prom.
852 2896 954 2935 1070,
978 2897 1040 2929 ubi
1064 2896 1120 2931 ἅτ’
1145 2890 1227 2939 ἐγώ
1245 2897 1294 2940 M,
1320 2895 1401 2939 ἁγώ
1426 2902 1519 2930 recte
1543 2898 1735 2931 Personas.
