2047 3253
1002 172 1049 210 28

266 284 355 341 ἔχω
383 299 423 331 τι
451 286 499 331 ἐν
520 291 580 343 ’τῇ
605 286 724 344 τύχῃ.
782 289 929 341 Itaque
955 289 1041 329 fieri
1069 290 1213 340 nequit·
1239 291 1338 341 quin
1365 291 1536 330 alterum
1565 290 1635 332 καί
1663 294 1789 342 alteri,

264 357 380 407 quod
407 357 448 394 in
477 356 663 407 proximo
692 367 810 394 versu
838 356 1198 407 est,=respondere
1217 356 1457 407 iudicemus,
1488 369 1571 408 quo
1594 358 1704 397 facto
1729 359 1787 398 lo-

265 433 338 461 cus
361 422 427 461 ille
455 427 612 473 pugnat
640 430 733 461 cum
764 422 950 462 omnibus
989 422 1084 469 fere,
1123 434 1225 474 quas
1255 423 1596 478 investigavimus,
1625 426 1788 476 regulis.

269 488 331 527 Ac
359 501 410 528 ne
439 488 620 527 dativum
638 489 691 540 τῇ
711 485 817 542 τύχῃ
839 500 972 528 morer
1000 490 1270 529 collocatione
1299 502 1373 529 sua
1393 490 1610 531 immodice
1639 491 1788 531 elatum

265 555 511 606 auribusque
530 555 789 602 inculcatum,
819 556 999 608 inprimis
1025 556 1104 596 hoc
1133 568 1198 595 me
1229 557 1374 605 turbat,
1404 559 1518 610 quod
1547 556 1617 600 καί
1642 559 1698 599 αἱ)
1725 559 1787 609 iis,

267 635 350 673 quo
379 623 556 673 pertinet
584 619 804 678 (πατρῷον
833 620 983 673 οἶκον),
1009 636 1092 662 non
1122 624 1336 670 vocabulo,
1374 625 1449 663 sed
1478 637 1594 664 versu
1625 637 1787 677 separa-

265 694 348 735 tur3
379 700 486 740 quae
515 689 692 741 licentia,
719 689 912 741 Sophocli
940 690 1114 730 sortasse
1134 691 1402 741 ignoscenda,
1433 691 1475 729 in
1494 691 1699 742 Euripidis
1720 693 1787 731 tri·

264 757 401 794 metris
437 756 609 794 ferenda
645 768 729 795 non
756 763 820 796 est
835 754 863 795 ¹.
922 757 1058 806 Quam
1098 759 1152 797 ob
1185 770 1270 797 rem
1312 759 1415 798 iusta
1454 757 1574 798 fuerit
1612 760 1786 811 suspicio

264 823 357 861 olim
385 823 426 862 in
455 823 701 862 membranis
732 824 957 864 exstitisse:

524 888 572 930 ἐν
602 887 709 940 χειρὶ
737 891 788 942 τῇ
818 892 876 943 σῇ
906 888 1030 932 πάντ’
1060 889 1171 942 ἔχεις
1200 893 1349 946 καινῇ
1378 890 1483 947 τύχῃ

525 959 727 1012 πατρῷον
756 955 876 999 οἷκον
905 956 974 998 καὶ
1001 956 1127 999 πόλιν
1156 959 1302 1009 λαβεῖν
1327 958 1470 1000 σέθεν.

263 1023 370 1062 Nam
402 1021 551 1074 καινός
580 1014 784 1063 interdum
813 1025 936 1064 etiarn
965 1022 1292 1076 ‚inexspectatus‘
1324 1025 1534 1077 significat.

900 1141 1038 1192 SuppL
1070 1142 1149 1182 248

469 1252 472 1253 γ
529 1217 690 1269 χαίρων
719 1217 797 1259 ἴθ’·
827 1216 864 1260 εἰ
895 1219 976 1269 γὰρ
1006 1219 1060 1269 μὴ
1092 1217 1371 1270 βεβούλευσαι
1401 1218 1558 1269 καλῶς,

530 1282 662 1335 αὐτὸς
689 1283 847 1328 πιέζειν
875 1284 954 1336 τὴν
982 1283 1115 1336 τύχην
1144 1284 1256 1337 ἡμᾶς
1283 1283 1389 1327 λίαν.

264 1361 535 1404 posteaquam
563 1352 601 1393 δ’
632 1350 708 1393 ἐᾶν
749 1354 789 1391 in
830 1351 925 1393 λίαν
962 1353 1200 1391 delitescere
1231 1353 1435 1393 Nauckius
1467 1354 1669 1403 sagaciter
1697 1365 1789 1402 per-

266 1420 424 1471 spexit,⁴
444 1431 565 1457 unum
602 1425 823 1470 supererat,
868 1424 912 1457 ut
940 1431 1014 1470 pro
1042 1416 1198 1460 πιέζειν
1227 1419 1390 1470 aliquid,
1420 1419 1531 1470 quod
1561 1419 1787 1458 sententiae

265 1488 395 1538 magis
422 1487 615 1525 idoneum
644 1494 767 1533 esset,
805 1487 1072 1536 reperiretur3
1110 1498 1190 1536 quo
1229 1488 1270 1524 in
1306 1487 1442 1524 studio
1478 1486 1555 1524 etsi
1584 1494 1648 1524 sat
1677 1487 1787 1524 multi

264 1554 344 1591 iam
365 1553 633 1599 desudarunt,
653 1552 846 1602 equidem
863 1552 1002 1591 nescio
1023 1552 1120 1603 quid
1149 1558 1189 1590 et
1216 1552 1379 1603 propria
1398 1564 1471 1591 sua
1491 1552 1784 1602 significatione

265 1620 399 1670 aptius
427 1626 471 1658 et
499 1626 665 1670 propter
700 1620 1000 1658 similitudinem
1036 1620 1256 1669 scripturae
1291 1619 1538 1669 probabilius
1573 1619 1623 1657 sit
1662 1630 1785 1668 quam

262 1686 377 1735 quod
396 1687 662 1725 commendo:
691 1682 885 1735 τριάζειν,
916 1686 967 1724 de
998 1696 1080 1735 quo
1106 1686 1233 1723 adeas
1250 1685 1424 1736 Etymol.
1439 1684 1577 1734 Magn.
1597 1686 1690 1734 765,
1710 1686 1783 1724 37:

263 1749 485 1803 τριάσσειν
512 1750 563 1792 τὸ
591 1751 737 1793 νικᾶν
755 1759 764 1771 ·
807 1748 892 1792 ἀπὸ
928 1751 1178 1802 μεταφορᾶς
1209 1751 1296 1792 τῶν
1329 1750 1578 1791 παλαιστῶν
1617 1748 1665 1791 ἐν
1693 1751 1786 1800 ταῖς

263 1817 374 1870 τρισὶ
401 1816 557 1870 πάλαις
578 1816 657 1869 τὴν
676 1816 796 1868 νίκην
817 1817 1123 1869 καρπουμένων
1142 1827 1151 1836 ·
1185 1816 1254 1859 καὶ
1273 1814 1500 1869 ἀτρίακτος
1529 1816 1597 1868 (cf.
1618 1815 1785 1868 ἀτρίακ-

264 1898 341 1937 τος
371 1882 470 1926 ἄτα
499 1886 686 1937 Aeschyl.
717 1885 899 1936 Choeph.
932 1883 1031 1937 330)
1071 1883 1097 1926 ὁ
1137 1882 1360 1936 ἀήττητος.
1418 1886 1579 1934 Quodsi
1617 1886 1784 1925 Graecis

264 1953 476 2003 poetisque
513 1959 557 1990 et
591 1953 785 2003 prosaicis
823 1953 909 1990 sine
945 1953 1103 1990 offensa
1138 1950 1333 1994 παλαίειν
1361 1949 1481 2004 τύχῃ,
1516 1947 1650 2001 ἄταις,
1680 1959 1786 2001 συμ-

262 2019 423 2070 φοραῖς
453 2025 523 2059 ctt.
554 2020 692 2057 dicere
724 2019 846 2067 licuit,
877 2019 1017 2070 quidni
1047 2020 1194 2058 eodem
1221 2019 1305 2058 iure
1326 2015 1508 2068 τριὰζειν
1527 2016 1605 2067 τὴν
1627 2015 1786 2068 τύχηνΡ

262 2086 452 2124 Indidem
472 2085 744 2137 Aeschyleum
764 2082 991 2135 ἀτρίακτος
1021 2082 1104 2125 ἄτα
1124 2086 1314 2136 explicari
1332 2097 1417 2122 non
1437 2082 1578 2122 vides?
1635 2085 1785 2123 Veram

264 2156 399 2189 autem
429 2151 702 2191 elocutionem
730 2152 855 2190 fuisse
884 2148 1077 2202 τριάζειν,
1109 2164 1192 2189 non
1213 2148 1433 2201 τριάσσειν
1453 2152 1680 2201 composita
1708 2152 1787 2189 do·

264 2224 376 2256 cent:
417 2214 789 2267 πεντετριάζεσθαι
818 2218 955 2257 Lucill.
986 2218 1121 2268 Epigr.
1152 2218 1315 2256 Anthol.
1347 2217 1427 2258 Pal.
1458 2217 1496 2255 11
1526 2218 1579 2256 84
1609 2223 1652 2255 et
1680 2214 1788 2258 ἀπο·

262 2281 506 2334 τριάζεσθαι
535 2285 667 2325 Schol.
698 2285 885 2334 Aeschyl.
922 2284 1107 2335 Choeph.
1137 2286 1217 2326 330
1237 2283 1267 2325 2.
1335 2284 1421 2323 Nisi
1448 2285 1585 2335 potius
1615 2291 1787 2334 utraque

263 2351 394 2390 forma
421 2352 464 2389 in
493 2363 568 2390 usu
597 2351 684 2399 fuit,
719 2358 763 2389 ut
786 2351 934 2389 Graeci
954 2352 1182 2401 promiscue
1203 2348 1372 2392 θοάζειν
1401 2358 1444 2389 et
1464 2348 1684 2401 θοάσσειν,
1713 2350 1786 2391 λα-

262 2416 408 2461 πάζειν
429 2424 472 2457 et
501 2414 757 2465 λαπάσσειν,
786 2415 1013 2459 σταλάζειν
1043 2424 1085 2456 et
1114 2415 1382 2459 σταλάσσειν
1417 2420 1467 2458 al.
1497 2418 1786 2469 pronuntiave-

263 2493 369 2528 runt.
424 2485 512 2523 Iam
539 2485 651 2534 quod
680 2484 903 2534 imperativi
933 2485 1020 2522 vice
1049 2485 1263 2523 infinitivus
1293 2485 1483 2533 fungitur,
1521 2484 1786 2533 comparandi

263 2558 358 2591 sunt
387 2564 421 2592 v.
448 2551 610 2592 Heracl.
633 2551 715 2591 314
776 2548 846 2590 καὶ
876 2547 1025 2601 μήποτ’
1051 2546 1114 2601 εἰς
1143 2550 1223 2600 γῆν
1251 2548 1407 2602 ἐχθρὸν
1436 2547 1632 2601 αἴρεσθαι
1661 2547 1782 2600 δόρυ,

334 2634 337 2637 >
517 2618 605 2658 Ion.
639 2619 714 2658 101
787 2615 929 2667 στόμα
957 2615 993 2657 τ’
1023 2615 1218 2668 εὔφημον
1245 2614 1464 2668 φρουρεῑτ’
1495 2613 1668 2665 ἀγαθόν,

789 2682 937 2735 φήμας
965 2684 1004 2724 τ’
1033 2681 1199 2734 ἀγαθὰς
1231 2702 1282 2711 -

791 2750 998 2801 γλώσσης
1028 2749 1138 2800 ἰδίας
1168 2749 1256 2791 ἄπο
1285 2749 1468 2801 φαίνειν,

394 2837 409 2862 ¹
433 2839 586 2872 Ultimus
611 2839 655 2871 de
681 2838 745 2871 hac
770 2848 806 2871 re
833 2837 969 2885 scn’psit
994 2837 1272 2871 Wilamovitzius
1298 2836 1442 2872 Hercul.
1468 2837 1503 2869 II
1529 2847 1562 2881 p.
1583 2835 1661 2871 106.

393 2895 475 2932 3.ο1“
502 2897 700 2932 Wecklein.
727 2897 771 2930 ad
795 2896 1115 2941 Aeschy1.Agam.
1143 2895 1224 2932 181.
