<?xml version="1.0" encoding="UTF-8"?>
<!DOCTYPE html PUBLIC "-//W3C//DTD XHTML 1.0 Transitional//EN"
    "http://www.w3.org/TR/xhtml1/DTD/xhtml1-transitional.dtd">
<html xmlns="http://www.w3.org/1999/xhtml" xml:lang="en" lang="en">
 <head>
  <title>
</title>
<meta http-equiv="Content-Type" content="text/html;charset=utf-8" />
  <meta name='ocr-system' content='tesseract 3.04.00' />
  <meta name='ocr-capabilities' content='ocr_page ocr_carea ocr_par ocr_line ocrx_word'/>
</head>
<body>
  <div class='ocr_page' id='page_1' title='image "4737823_0013.png"; bbox 0 0 2047 3253; ppageno 0'>
   <div class='ocr_carea' id='block_1_1' title="bbox 823 654 1202 704">
    <p class='ocr_par' dir='ltr' id='par_1_1' title="bbox 823 654 1202 704">
     <span class='ocr_line' id='line_1_1' title="bbox 823 654 1202 704; baseline 0 -13"><span class='ocrx_word' id='word_1_1' title='bbox 823 654 972 692; x_wconf 87' lang='lat' dir='ltr'><strong>Alcest.</strong></span> <span class='ocrx_word' id='word_1_2' title='bbox 1007 656 1026 693; x_wconf 91' lang='lat'>1</span> <span class='ocrx_word' id='word_1_3' title='bbox 1035 655 1112 693; x_wconf 89' lang='grc'><strong>123</strong></span> <span class='ocrx_word' id='word_1_4' title='bbox 1143 667 1202 704; x_wconf 87' lang='lat' dir='ltr'><strong>sq.</strong></span> 
     </span>
    </p>
   </div>
   <div class='ocr_carea' id='block_1_2' title="bbox 317 734 1470 990">
    <p class='ocr_par' dir='ltr' id='par_1_2' title="bbox 317 734 1470 990">
     <span class='ocr_line' id='line_1_2' title="bbox 317 734 1467 786; baseline -0.003 -6"><span class='ocrx_word' id='word_1_5' title='bbox 317 738 407 780; x_wconf 94' lang='grc' dir='ltr'><strong>ΑΔ.</strong></span> <span class='ocrx_word' id='word_1_6' title='bbox 456 737 491 779; x_wconf 85' lang='grc' dir='ltr'>ὦ</span> <span class='ocrx_word' id='word_1_7' title='bbox 520 736 624 783; x_wconf 90' lang='grc' dir='ltr'>θεοί,</span> <span class='ocrx_word' id='word_1_8' title='bbox 654 736 692 777; x_wconf 91' lang='grc' dir='ltr'><strong>τί</strong></span> <span class='ocrx_word' id='word_1_9' title='bbox 722 735 847 785; x_wconf 87' lang='grc' dir='ltr'>λε’ξω;</span> <span class='ocrx_word' id='word_1_10' title='bbox 879 734 1002 786; x_wconf 86' lang='grc' dir='ltr'><strong>θαῦμ’</strong></span> <span class='ocrx_word' id='word_1_11' title='bbox 1020 735 1035 762; x_wconf 91' lang='lat'>¹</span> <span class='ocrx_word' id='word_1_12' title='bbox 1063 735 1320 778; x_wconf 85' lang='grc' dir='ltr'>ἀνέλπιστον</span> <span class='ocrx_word' id='word_1_13' title='bbox 1350 735 1467 778; x_wconf 85' lang='grc' dir='ltr'>τόδε·</span> 
     </span>
     <span class='ocr_line' id='line_1_3' title="bbox 455 801 1375 855; baseline -0.002 -9"><span class='ocrx_word' id='word_1_14' title='bbox 455 805 633 854; x_wconf 86' lang='grc' dir='ltr'>γυναῖκα</span> <span class='ocrx_word' id='word_1_15' title='bbox 663 801 835 845; x_wconf 87' lang='grc' dir='ltr'>λεύσσω</span> <span class='ocrx_word' id='word_1_16' title='bbox 864 801 980 854; x_wconf 82' lang='grc' dir='ltr'>τήνδ’</span> <span class='ocrx_word' id='word_1_17' title='bbox 1010 802 1115 854; x_wconf 87' lang='grc' dir='ltr'>ἐμὴν</span> <span class='ocrx_word' id='word_1_18' title='bbox 1145 802 1375 855; x_wconf 86' lang='grc' dir='ltr'>ἐτητύμως,</span> 
     </span>
     <span class='ocr_line' id='line_1_4' title="bbox 455 868 1448 921; baseline -0.002 -9"><span class='ocrx_word' id='word_1_19' title='bbox 455 871 481 921; x_wconf 90' lang='grc' dir='ltr'>ἢ</span> <span class='ocrx_word' id='word_1_20' title='bbox 512 868 720 921; x_wconf 86' lang='grc' dir='ltr'>κέρτομός</span> <span class='ocrx_word' id='word_1_21' title='bbox 751 883 800 919; x_wconf 90' lang='grc' dir='ltr'><strong>με</strong></span> <span class='ocrx_word' id='word_1_22' title='bbox 831 871 933 910; x_wconf 85' lang='grc' dir='ltr'>θεοῦ</span> <span class='ocrx_word' id='word_1_23' title='bbox 961 882 1025 920; x_wconf 89' lang='grc' dir='ltr'><strong>τις</strong></span> <span class='ocrx_word' id='word_1_24' title='bbox 1054 869 1286 919; x_wconf 84' lang='grc' dir='ltr'>ἐκπλήσσει</span> <span class='ocrx_word' id='word_1_25' title='bbox 1317 869 1448 920; x_wconf 88' lang='grc' dir='ltr'>χαρά;</span> 
     </span>
     <span class='ocr_line' id='line_1_5' title="bbox 323 934 1470 990; baseline -0.001 -10"><span class='ocrx_word' id='word_1_26' title='bbox 323 938 403 980; x_wconf 92' lang='grc' dir='ltr'><strong>ΗΡ.</strong></span> <span class='ocrx_word' id='word_1_27' title='bbox 453 937 531 980; x_wconf 89' lang='grc' dir='ltr'>οὐκ</span> <span class='ocrx_word' id='word_1_28' title='bbox 561 936 698 979; x_wconf 84' lang='grc' dir='ltr'>ἔστιν·</span> <span class='ocrx_word' id='word_1_29' title='bbox 729 935 839 978; x_wconf 83' lang='grc' dir='ltr'>ἀλλὰ</span> <span class='ocrx_word' id='word_1_30' title='bbox 867 934 983 987; x_wconf 81' lang='grc' dir='ltr'>τήνδ’</span> <span class='ocrx_word' id='word_1_31' title='bbox 996 935 1123 990; x_wconf 74' lang='grc' dir='ltr'>·ὁρᾷς</span> <span class='ocrx_word' id='word_1_32' title='bbox 1152 935 1346 988; x_wconf 84' lang='grc' dir='ltr'>δάμαρτα</span> <span class='ocrx_word' id='word_1_33' title='bbox 1375 936 1470 987; x_wconf 93' lang='grc' dir='ltr'>σήν.</span> 
     </span>
    </p>
   </div>
   <div class='ocr_carea' id='block_1_3' title="bbox 254 1018 1768 2203">
    <p class='ocr_par' dir='ltr' id='par_1_3' title="bbox 255 1018 1768 1805">
     <span class='ocr_line' id='line_1_6' title="bbox 391 1018 1767 1072; baseline -0.001 -12"><span class='ocrx_word' id='word_1_34' title='bbox 391 1036 444 1060; x_wconf 90' lang='lat' dir='ltr'><strong>an</strong></span> <span class='ocrx_word' id='word_1_35' title='bbox 479 1018 590 1072; x_wconf 87' lang='grc' dir='ltr'>χαρά</span> <span class='ocrx_word' id='word_1_36' title='bbox 627 1028 721 1072; x_wconf 84' lang='lat' dir='ltr'><strong>apte</strong></span> <span class='ocrx_word' id='word_1_37' title='bbox 759 1022 961 1059; x_wconf 83' lang='lat' dir='ltr'>diceretur</span> <span class='ocrx_word' id='word_1_38' title='bbox 997 1019 1255 1070; x_wconf 82' lang='grc' dir='ltr'>ἐκπλήσσειν</span> <span class='ocrx_word' id='word_1_39' title='bbox 1289 1023 1416 1072; x_wconf 85' lang='lat' dir='ltr'><strong>primo</strong></span> <span class='ocrx_word' id='word_1_40' title='bbox 1446 1021 1660 1061; x_wconf 66' lang='lat' dir='ltr'><strong>Nauckioss</strong></span> <span class='ocrx_word' id='word_1_41' title='bbox 1692 1023 1767 1059; x_wconf 92' lang='lat' dir='ltr'><strong>du-</strong></span> 
     </span>
     <span class='ocr_line' id='line_1_7' title="bbox 261 1088 1768 1139; baseline -0.001 -11"><span class='ocrx_word' id='word_1_42' title='bbox 261 1091 368 1128; x_wconf 88' lang='lat' dir='ltr'><strong>bium</strong></span> <span class='ocrx_word' id='word_1_43' title='bbox 395 1091 520 1128; x_wconf 90' lang='lat' dir='ltr'><strong>visum</strong></span> <span class='ocrx_word' id='word_1_44' title='bbox 549 1096 630 1135; x_wconf 87' lang='lat' dir='ltr'><strong>est;</strong></span> <span class='ocrx_word' id='word_1_45' title='bbox 676 1089 830 1128; x_wconf 85' lang='lat' dir='ltr'>assensi</span> <span class='ocrx_word' id='word_1_46' title='bbox 866 1095 959 1126; x_wconf 91' lang='lat' dir='ltr'><strong>sunt</strong></span> <span class='ocrx_word' id='word_1_47' title='bbox 994 1090 1070 1128; x_wconf 87' lang='lat' dir='ltr'><strong>alii.</strong></span> <span class='ocrx_word' id='word_1_48' title='bbox 1129 1088 1253 1136; x_wconf 88' lang='lat' dir='ltr'><strong>Quod</strong></span> <span class='ocrx_word' id='word_1_49' title='bbox 1283 1096 1436 1139; x_wconf 90' lang='lat' dir='ltr'><strong>quanto</strong></span> <span class='ocrx_word' id='word_1_50' title='bbox 1466 1091 1551 1127; x_wconf 90' lang='lat' dir='ltr'><strong>iure</strong></span> <span class='ocrx_word' id='word_1_51' title='bbox 1587 1090 1768 1135; x_wconf 85' lang='lat' dir='ltr'><strong>fecerint,</strong></span> 
     </span>
     <span class='ocr_line' id='line_1_8' title="bbox 260 1155 1768 1206; baseline -0.001 -12"><span class='ocrx_word' id='word_1_52' title='bbox 260 1169 368 1194; x_wconf 88' lang='lat' dir='ltr'><strong>nunc</strong></span> <span class='ocrx_word' id='word_1_53' title='bbox 397 1169 480 1194; x_wconf 92' lang='lat' dir='ltr'><strong>non</strong></span> <span class='ocrx_word' id='word_1_54' title='bbox 510 1168 720 1206; x_wconf 82' lang='lat' dir='ltr'><strong>quaeram3</strong></span> <span class='ocrx_word' id='word_1_55' title='bbox 751 1156 862 1194; x_wconf 90' lang='lat' dir='ltr'><strong>aliud</strong></span> <span class='ocrx_word' id='word_1_56' title='bbox 892 1156 999 1193; x_wconf 90' lang='lat' dir='ltr'><strong>enim</strong></span> <span class='ocrx_word' id='word_1_57' title='bbox 1028 1162 1103 1206; x_wconf 85' lang='lat' dir='ltr'><strong>est,</strong></span> <span class='ocrx_word' id='word_1_58' title='bbox 1132 1157 1244 1204; x_wconf 88' lang='lat' dir='ltr'><strong>quod</strong></span> <span class='ocrx_word' id='word_1_59' title='bbox 1274 1156 1401 1193; x_wconf 88' lang='lat' dir='ltr'><strong>multo</strong></span> <span class='ocrx_word' id='word_1_60' title='bbox 1431 1155 1590 1205; x_wconf 75' lang='lat' dir='ltr'><strong>gravius</strong></span> <span class='ocrx_word' id='word_1_61' title='bbox 1609 1168 1673 1192; x_wconf 92' lang='lat' dir='ltr'><strong>me</strong></span> <span class='ocrx_word' id='word_1_62' title='bbox 1694 1157 1768 1193; x_wconf 90' lang='lat' dir='ltr'><strong>ad-</strong></span> 
     </span>
     <span class='ocr_line' id='line_1_9' title="bbox 262 1220 1767 1272; baseline 0 -13"><span class='ocrx_word' id='word_1_63' title='bbox 262 1222 412 1269; x_wconf 84' lang='lat' dir='ltr'><strong>fecerit,</strong></span> <span class='ocrx_word' id='word_1_64' title='bbox 456 1223 664 1272; x_wconf 87' lang='lat' dir='ltr'><strong>genetivus</strong></span> <span class='ocrx_word' id='word_1_65' title='bbox 701 1236 725 1260; x_wconf 87' lang='lat' dir='ltr'><strong>e</strong></span> <span class='ocrx_word' id='word_1_66' title='bbox 766 1234 865 1260; x_wconf 92' lang='lat' dir='ltr'><strong>voce</strong></span> <span class='ocrx_word' id='word_1_67' title='bbox 907 1220 1017 1272; x_wconf 89' lang='grc' dir='ltr'>χαρά</span> <span class='ocrx_word' id='word_1_68' title='bbox 1057 1223 1156 1260; x_wconf 87' lang='lat' dir='ltr'><strong>mira</strong></span> <span class='ocrx_word' id='word_1_69' title='bbox 1196 1223 1488 1271; x_wconf 88' lang='lat' dir='ltr'><strong>significatione</strong></span> <span class='ocrx_word' id='word_1_70' title='bbox 1532 1234 1767 1272; x_wconf 85' lang='lat' dir='ltr'><strong>suspensus.</strong></span> 
     </span>
     <span class='ocr_line' id='line_1_10' title="bbox 261 1286 1768 1339; baseline 0.002 -13"><span class='ocrx_word' id='word_1_71' title='bbox 261 1288 402 1338; x_wconf 87' lang='lat' dir='ltr'><strong>Neque</strong></span> <span class='ocrx_word' id='word_1_72' title='bbox 442 1289 546 1326; x_wconf 90' lang='lat' dir='ltr'><strong>enim</strong></span> <span class='ocrx_word' id='word_1_73' title='bbox 582 1289 682 1329; x_wconf 88' lang='grc' dir='ltr'>θεοῦ</span> <span class='ocrx_word' id='word_1_74' title='bbox 720 1286 829 1339; x_wconf 89' lang='grc' dir='ltr'>χαρά</span> <span class='ocrx_word' id='word_1_75' title='bbox 868 1301 911 1326; x_wconf 91' lang='lat' dir='ltr'><strong>re</strong></span> <span class='ocrx_word' id='word_1_76' title='bbox 941 1301 1034 1326; x_wconf 89' lang='lat' dir='ltr'><strong>vera</strong></span> <span class='ocrx_word' id='word_1_77' title='bbox 1069 1289 1178 1326; x_wconf 89' lang='lat' dir='ltr'><strong>idem</strong></span> <span class='ocrx_word' id='word_1_78' title='bbox 1217 1300 1305 1326; x_wconf 86' lang='lat' dir='ltr'><strong>esse</strong></span> <span class='ocrx_word' id='word_1_79' title='bbox 1338 1296 1461 1338; x_wconf 89' lang='lat' dir='ltr'><strong>atque</strong></span> <span class='ocrx_word' id='word_1_80' title='bbox 1499 1286 1768 1338; x_wconf 84' lang='grc' dir='ltr'>θεόπεμπτος</span> 
     </span>
     <span class='ocr_line' id='line_1_11' title="bbox 261 1352 1768 1406; baseline -0.001 -12"><span class='ocrx_word' id='word_1_81' title='bbox 261 1352 371 1405; x_wconf 89' lang='grc' dir='ltr'>χαρά</span> <span class='ocrx_word' id='word_1_82' title='bbox 403 1377 452 1382; x_wconf 83' lang='lat'><strong>—-</strong></span> <span class='ocrx_word' id='word_1_83' title='bbox 484 1357 564 1395; x_wconf 89' lang='lat' dir='ltr'><strong>tale</strong></span> <span class='ocrx_word' id='word_1_84' title='bbox 594 1357 797 1394; x_wconf 87' lang='lat' dir='ltr'><strong>sententia</strong></span> <span class='ocrx_word' id='word_1_85' title='bbox 827 1355 982 1405; x_wconf 87' lang='lat' dir='ltr'>flagitat</span> <span class='ocrx_word' id='word_1_86' title='bbox 1014 1376 1061 1382; x_wconf 93' lang='lat'>—</span> <span class='ocrx_word' id='word_1_87' title='bbox 1093 1356 1188 1393; x_wconf 87' lang='lat' dir='ltr'><strong>mihi</strong></span> <span class='ocrx_word' id='word_1_88' title='bbox 1217 1357 1459 1405; x_wconf 87' lang='lat' dir='ltr'><strong>persuadeo,</strong></span> <span class='ocrx_word' id='word_1_89' title='bbox 1490 1357 1597 1406; x_wconf 82' lang='lat' dir='ltr'><strong>quia,</strong></span> <span class='ocrx_word' id='word_1_90' title='bbox 1634 1357 1668 1393; x_wconf 88' lang='lat' dir='ltr'><strong>si</strong></span> <span class='ocrx_word' id='word_1_91' title='bbox 1696 1368 1768 1404; x_wconf 90' lang='lat' dir='ltr'><strong>ge-</strong></span> 
     </span>
     <span class='ocr_line' id='line_1_12' title="bbox 260 1423 1767 1472; baseline -0.001 -12"><span class='ocrx_word' id='word_1_92' title='bbox 260 1423 419 1460; x_wconf 88' lang='lat' dir='ltr'><strong>netivus</strong></span> <span class='ocrx_word' id='word_1_93' title='bbox 452 1423 504 1460; x_wconf 90' lang='lat' dir='ltr'><strong>illi</strong></span> <span class='ocrx_word' id='word_1_94' title='bbox 540 1423 792 1460; x_wconf 90' lang='lat' dir='ltr'><strong>substantivo</strong></span> <span class='ocrx_word' id='word_1_95' title='bbox 822 1423 997 1470; x_wconf 87' lang='lat' dir='ltr'>additur,</span> <span class='ocrx_word' id='word_1_96' title='bbox 1028 1423 1061 1460; x_wconf 91' lang='lat' dir='ltr'><strong>is</strong></span> <span class='ocrx_word' id='word_1_97' title='bbox 1094 1423 1294 1460; x_wconf 89' lang='lat' dir='ltr'><strong>hominem</strong></span> <span class='ocrx_word' id='word_1_98' title='bbox 1326 1423 1491 1472; x_wconf 90' lang='lat' dir='ltr'><strong>quidem</strong></span> <span class='ocrx_word' id='word_1_99' title='bbox 1522 1429 1665 1460; x_wconf 89' lang='lat' dir='ltr'><strong>notare</strong></span> <span class='ocrx_word' id='word_1_100' title='bbox 1695 1434 1767 1471; x_wconf 92' lang='lat' dir='ltr'><strong>po-</strong></span> 
     </span>
     <span class='ocr_line' id='line_1_13' title="bbox 261 1487 1765 1540; baseline -0.001 -14"><span class='ocrx_word' id='word_1_101' title='bbox 261 1496 352 1534; x_wconf 87' lang='lat' dir='ltr'><strong>test,</strong></span> <span class='ocrx_word' id='word_1_102' title='bbox 382 1490 450 1539; x_wconf 91' lang='lat' dir='ltr'><strong>qui</strong></span> <span class='ocrx_word' id='word_1_103' title='bbox 478 1491 630 1539; x_wconf 87' lang='lat' dir='ltr'><strong>gaudet</strong></span> <span class='ocrx_word' id='word_1_104' title='bbox 658 1490 790 1540; x_wconf 87' lang='lat' dir='ltr'><strong>aliqua</strong></span> <span class='ocrx_word' id='word_1_105' title='bbox 819 1502 873 1534; x_wconf 81' lang='lat' dir='ltr'><strong>re,</strong></span> <span class='ocrx_word' id='word_1_106' title='bbox 919 1495 987 1527; x_wconf 91' lang='lat' dir='ltr'><strong>aut</strong></span> <span class='ocrx_word' id='word_1_107' title='bbox 1016 1501 1110 1534; x_wconf 90' lang='lat' dir='ltr'><strong>rem,</strong></span> <span class='ocrx_word' id='word_1_108' title='bbox 1149 1503 1228 1539; x_wconf 82' lang='lat' dir='ltr'><strong>qua</strong></span> <span class='ocrx_word' id='word_1_109' title='bbox 1257 1490 1343 1539; x_wconf 89' lang='lat' dir='ltr'><strong>quis</strong></span> <span class='ocrx_word' id='word_1_110' title='bbox 1374 1490 1602 1528; x_wconf 87' lang='lat' dir='ltr'><strong>delectatur</strong></span> <span class='ocrx_word' id='word_1_111' title='bbox 1617 1487 1644 1534; x_wconf 82' lang='lat'><strong>3,</strong></span> <span class='ocrx_word' id='word_1_112' title='bbox 1690 1490 1765 1526; x_wconf 90' lang='lat' dir='ltr'><strong>sed</strong></span> 
     </span>
     <span class='ocr_line' id='line_1_14' title="bbox 255 1554 1759 1604; baseline 0.002 -12"><span class='ocrx_word' id='word_1_113' title='bbox 255 1568 328 1604; x_wconf 92' lang='lat' dir='ltr'><strong>pro</strong></span> <span class='ocrx_word' id='word_1_114' title='bbox 368 1556 457 1604; x_wconf 87' lang='lat' dir='ltr'><strong>lege</strong></span> <span class='ocrx_word' id='word_1_115' title='bbox 493 1557 686 1594; x_wconf 88' lang='lat' dir='ltr'><strong>sermonis</strong></span> <span class='ocrx_word' id='word_1_116' title='bbox 717 1556 864 1594; x_wconf 87' lang='lat' dir='ltr'><strong>Graeci</strong></span> <span class='ocrx_word' id='word_1_117' title='bbox 902 1556 1067 1604; x_wconf 90' lang='lat' dir='ltr'><strong>amplius</strong></span> <span class='ocrx_word' id='word_1_118' title='bbox 1101 1556 1208 1594; x_wconf 89' lang='lat' dir='ltr'>nihil.</span> <span class='ocrx_word' id='word_1_119' title='bbox 1270 1556 1373 1593; x_wconf 90' lang='lat' dir='ltr'><strong>Nam</strong></span> <span class='ocrx_word' id='word_1_120' title='bbox 1404 1554 1514 1604; x_wconf 89' lang='grc' dir='ltr'>χαρά</span> <span class='ocrx_word' id='word_1_121' title='bbox 1544 1569 1569 1593; x_wconf 79' lang='lat' dir='ltr'><strong>a</strong></span> <span class='ocrx_word' id='word_1_122' title='bbox 1598 1554 1759 1604; x_wconf 86' lang='grc' dir='ltr'>χαίρειν</span> 
     </span>
     <span class='ocr_line' id='line_1_15' title="bbox 255 1620 1758 1671; baseline 0 -11"><span class='ocrx_word' id='word_1_123' title='bbox 255 1623 416 1660; x_wconf 89' lang='lat' dir='ltr'><strong>ducitur</strong></span> <span class='ocrx_word' id='word_1_124' title='bbox 453 1623 576 1660; x_wconf 91' lang='lat' dir='ltr'><strong>verbo</strong></span> <span class='ocrx_word' id='word_1_125' title='bbox 611 1622 860 1660; x_wconf 88' lang='lat' dir='ltr'><strong>intransitivo</strong></span> <span class='ocrx_word' id='word_1_126' title='bbox 901 1622 1014 1671; x_wconf 89' lang='lat' dir='ltr'><strong>quod</strong></span> <span class='ocrx_word' id='word_1_127' title='bbox 1051 1628 1210 1669; x_wconf 85' lang='lat' dir='ltr'><strong>vocant,</strong></span> <span class='ocrx_word' id='word_1_128' title='bbox 1257 1635 1340 1659; x_wconf 92' lang='lat' dir='ltr'><strong>non</strong></span> <span class='ocrx_word' id='word_1_129' title='bbox 1369 1635 1392 1660; x_wconf 89' lang='lat' dir='ltr'><strong>a</strong></span> <span class='ocrx_word' id='word_1_130' title='bbox 1420 1620 1580 1671; x_wconf 86' lang='grc' dir='ltr'>χαίρειν</span> <span class='ocrx_word' id='word_1_131' title='bbox 1609 1621 1758 1662; x_wconf 84' lang='grc' dir='ltr'>ποιεῖν.</span> 
     </span>
     <span class='ocr_line' id='line_1_16' title="bbox 256 1688 1760 1738; baseline 0 -13"><span class='ocrx_word' id='word_1_132' title='bbox 256 1688 527 1735; x_wconf 86' lang='lat' dir='ltr'><strong>Quamobrem</strong></span> <span class='ocrx_word' id='word_1_133' title='bbox 565 1700 696 1737; x_wconf 90' lang='lat' dir='ltr'><strong>paene</strong></span> <span class='ocrx_word' id='word_1_134' title='bbox 732 1689 958 1727; x_wconf 83' lang='lat' dir='ltr'><strong>necessaria</strong></span> <span class='ocrx_word' id='word_1_135' title='bbox 993 1689 1162 1726; x_wconf 86' lang='lat' dir='ltr'><strong>exsistat</strong></span> <span class='ocrx_word' id='word_1_136' title='bbox 1200 1689 1406 1733; x_wconf 88' lang='lat' dir='ltr'><strong>correctio,</strong></span> <span class='ocrx_word' id='word_1_137' title='bbox 1450 1701 1571 1738; x_wconf 86' lang='lat' dir='ltr'><strong>quam</strong></span> <span class='ocrx_word' id='word_1_138' title='bbox 1601 1702 1626 1726; x_wconf 89' lang='lat' dir='ltr'><strong>a</strong></span> <span class='ocrx_word' id='word_1_139' title='bbox 1655 1689 1760 1725; x_wconf 92' lang='lat' dir='ltr'><strong>Bue-</strong></span> 
     </span>
     <span class='ocr_line' id='line_1_17' title="bbox 255 1754 1115 1805; baseline 0.001 -14"><span class='ocrx_word' id='word_1_140' title='bbox 255 1754 415 1791; x_wconf 85' lang='lat' dir='ltr'><strong>chelero</strong></span> <span class='ocrx_word' id='word_1_141' title='bbox 446 1755 542 1792; x_wconf 89' lang='lat' dir='ltr'><strong>olim</strong></span> <span class='ocrx_word' id='word_1_142' title='bbox 571 1755 821 1805; x_wconf 84' lang='lat' dir='ltr'><strong>propositam</strong></span> <span class='ocrx_word' id='word_1_143' title='bbox 854 1766 945 1792; x_wconf 92' lang='lat' dir='ltr'><strong>esse</strong></span> <span class='ocrx_word' id='word_1_144' title='bbox 976 1755 1115 1793; x_wconf 86' lang='lat' dir='ltr'><strong>video:</strong></span> 
     </span>
    </p>

    <p class='ocr_par' dir='ltr' id='par_1_4' title="bbox 254 1818 1764 2203">
     <span class='ocr_line' id='line_1_18' title="bbox 450 1818 1534 1872; baseline 0.001 -12"><span class='ocrx_word' id='word_1_145' title='bbox 450 1818 475 1869; x_wconf 92' lang='grc' dir='ltr'>ἢ</span> <span class='ocrx_word' id='word_1_146' title='bbox 507 1819 714 1872; x_wconf 85' lang='grc' dir='ltr'>κέρτομός</span> <span class='ocrx_word' id='word_1_147' title='bbox 745 1819 783 1871; x_wconf 90' lang='grc' dir='ltr'><strong>μ’</strong></span> <span class='ocrx_word' id='word_1_148' title='bbox 815 1819 862 1862; x_wconf 88' lang='grc' dir='ltr'><strong>ἐκ</strong></span> <span class='ocrx_word' id='word_1_149' title='bbox 891 1821 992 1861; x_wconf 85' lang='grc' dir='ltr'>θεοῦ</span> <span class='ocrx_word' id='word_1_150' title='bbox 1022 1833 1086 1871; x_wconf 88' lang='grc' dir='ltr'><strong>τις</strong></span> <span class='ocrx_word' id='word_1_151' title='bbox 1116 1819 1349 1870; x_wconf 82' lang='grc' dir='ltr'>ἐκπλήσσει</span> <span class='ocrx_word' id='word_1_152' title='bbox 1378 1819 1534 1871; x_wconf 73' lang='grc' dir='ltr'>χαρά4ς</span> 
     </span>
     <span class='ocr_line' id='line_1_19' title="bbox 255 1874 1763 1937; baseline 0.001 -13"><span class='ocrx_word' id='word_1_153' title='bbox 255 1889 482 1937; x_wconf 83' lang='lat' dir='ltr'><strong>eademque</strong></span> <span class='ocrx_word' id='word_1_154' title='bbox 512 1889 743 1927; x_wconf 85' lang='lat' dir='ltr'><strong>coniectura</strong></span> <span class='ocrx_word' id='word_1_155' title='bbox 771 1889 954 1933; x_wconf 87' lang='lat' dir='ltr'><strong>alterum,</strong></span> <span class='ocrx_word' id='word_1_156' title='bbox 986 1889 1099 1937; x_wconf 90' lang='lat' dir='ltr'><strong>quod</strong></span> <span class='ocrx_word' id='word_1_157' title='bbox 1128 1889 1258 1926; x_wconf 86' lang='lat' dir='ltr'><strong>versui</strong></span> <span class='ocrx_word' id='word_1_158' title='bbox 1283 1874 1444 1932; x_wconf 87' lang='lat' dir='ltr'><strong>insidet,</strong></span> <span class='ocrx_word' id='word_1_159' title='bbox 1475 1889 1667 1926; x_wconf 88' lang='lat' dir='ltr'><strong>mendum</strong></span> <span class='ocrx_word' id='word_1_160' title='bbox 1688 1888 1763 1926; x_wconf 88' lang='lat' dir='ltr'><strong>tol-</strong></span> 
     </span>
     <span class='ocr_line' id='line_1_20' title="bbox 254 1954 1763 2004; baseline 0 -12"><span class='ocrx_word' id='word_1_161' title='bbox 254 1955 355 1993; x_wconf 90' lang='lat' dir='ltr'><strong>litur.</strong></span> <span class='ocrx_word' id='word_1_162' title='bbox 413 1955 572 1992; x_wconf 84' lang='lat' dir='ltr'><strong>Scilicet</strong></span> <span class='ocrx_word' id='word_1_163' title='bbox 601 1967 692 1993; x_wconf 87' lang='lat' dir='ltr'><strong>eam</strong></span> <span class='ocrx_word' id='word_1_164' title='bbox 722 1955 852 2004; x_wconf 88' lang='lat' dir='ltr'><strong>legem</strong></span> <span class='ocrx_word' id='word_1_165' title='bbox 883 1955 1135 2003; x_wconf 85' lang='lat' dir='ltr'><strong>Aeschylum,</strong></span> <span class='ocrx_word' id='word_1_166' title='bbox 1172 1955 1426 2004; x_wconf 88' lang='lat' dir='ltr'><strong>Sophoclem,</strong></span> <span class='ocrx_word' id='word_1_167' title='bbox 1462 1954 1695 2004; x_wconf 86' lang='lat' dir='ltr'><strong>Euripidem</strong></span> <span class='ocrx_word' id='word_1_168' title='bbox 1723 1956 1763 1992; x_wconf 91' lang='lat' dir='ltr'><strong>in</strong></span> 
     </span>
     <span class='ocr_line' id='line_1_21' title="bbox 255 2018 1764 2070; baseline 0.001 -13"><span class='ocrx_word' id='word_1_169' title='bbox 255 2020 398 2058; x_wconf 89' lang='lat' dir='ltr'><strong>fabulis</strong></span> <span class='ocrx_word' id='word_1_170' title='bbox 431 2021 718 2070; x_wconf 88' lang='lat' dir='ltr'><strong>antiquioribus</strong></span> <span class='ocrx_word' id='word_1_171' title='bbox 749 2022 954 2070; x_wconf 86' lang='lat' dir='ltr'><strong>amplexos</strong></span> <span class='ocrx_word' id='word_1_172' title='bbox 983 2033 1073 2058; x_wconf 91' lang='lat' dir='ltr'><strong>esse</strong></span> <span class='ocrx_word' id='word_1_173' title='bbox 1104 2027 1276 2068; x_wconf 83' lang='lat' dir='ltr'><strong>constat,</strong></span> <span class='ocrx_word' id='word_1_174' title='bbox 1307 2027 1363 2065; x_wconf 93' lang='lat' dir='ltr'><strong>ut,</strong></span> <span class='ocrx_word' id='word_1_175' title='bbox 1394 2033 1484 2058; x_wconf 91' lang='lat' dir='ltr'><strong>cum</strong></span> <span class='ocrx_word' id='word_1_176' title='bbox 1515 2018 1615 2069; x_wconf 90' lang='grc' dir='ltr'>θεός</span> <span class='ocrx_word' id='word_1_177' title='bbox 1645 2034 1764 2059; x_wconf 88' lang='lat' dir='ltr'><strong>voca-</strong></span> 
     </span>
     <span class='ocr_line' id='line_1_22' title="bbox 254 2087 1763 2137; baseline 0 -13"><span class='ocrx_word' id='word_1_178' title='bbox 254 2087 389 2124; x_wconf 86' lang='lat' dir='ltr'><strong>bulum</strong></span> <span class='ocrx_word' id='word_1_179' title='bbox 419 2087 459 2124; x_wconf 86' lang='lat' dir='ltr'><strong>in</strong></span> <span class='ocrx_word' id='word_1_180' title='bbox 489 2088 659 2137; x_wconf 89' lang='lat' dir='ltr'><strong>synizesi</strong></span> <span class='ocrx_word' id='word_1_181' title='bbox 689 2088 936 2136; x_wconf 88' lang='lat' dir='ltr'><strong>pronuntiari</strong></span> <span class='ocrx_word' id='word_1_182' title='bbox 964 2087 1124 2132; x_wconf 88' lang='lat' dir='ltr'><strong>vellent,</strong></span> <span class='ocrx_word' id='word_1_183' title='bbox 1160 2088 1321 2136; x_wconf 86' lang='lat' dir='ltr'><strong>longam</strong></span> <span class='ocrx_word' id='word_1_184' title='bbox 1351 2087 1543 2136; x_wconf 87' lang='lat' dir='ltr'><strong>syllabam</strong></span> <span class='ocrx_word' id='word_1_185' title='bbox 1573 2087 1763 2136; x_wconf 90' lang='lat' dir='ltr'><strong>praemit-</strong></span> 
     </span>
     <span class='ocr_line' id='line_1_23' title="bbox 255 2152 1763 2203; baseline 0.001 -13"><span class='ocrx_word' id='word_1_186' title='bbox 255 2160 386 2191; x_wconf 88' lang='lat' dir='ltr'><strong>terent</strong></span> <span class='ocrx_word' id='word_1_187' title='bbox 401 2152 428 2193; x_wconf 85' lang='lat'><strong>5.</strong></span> <span class='ocrx_word' id='word_1_188' title='bbox 488 2154 639 2192; x_wconf 91' lang='lat' dir='ltr'><strong>Verum</strong></span> <span class='ocrx_word' id='word_1_189' title='bbox 661 2160 813 2192; x_wconf 70' lang='lat' dir='ltr'><strong>‘tamen</strong></span> <span class='ocrx_word' id='word_1_190' title='bbox 848 2154 1136 2192; x_wconf 86' lang='lat' dir='ltr'><strong>emendatione</strong></span> <span class='ocrx_word' id='word_1_191' title='bbox 1173 2155 1238 2191; x_wconf 89' lang='lat' dir='ltr'><strong>illa</strong></span> <span class='ocrx_word' id='word_1_192' title='bbox 1275 2160 1446 2203; x_wconf 88' lang='lat' dir='ltr'><strong>accepta</strong></span> <span class='ocrx_word' id='word_1_193' title='bbox 1486 2166 1582 2191; x_wconf 91' lang='lat' dir='ltr'><strong>num</strong></span> <span class='ocrx_word' id='word_1_194' title='bbox 1622 2154 1763 2191; x_wconf 90' lang='lat' dir='ltr'><strong>melius</strong></span> 
     </span>
    </p>
   </div>
   <div class='ocr_carea' id='block_1_4' title="bbox 262 2242 524 2247">
    <p class='ocr_par' dir='ltr' id='par_1_5' title="bbox 262 2242 524 2247">
     <span class='ocr_line' id='line_1_24' title="bbox 262 2242 524 2247; baseline 0 0"><span class='ocrx_word' id='word_1_195' title='bbox 262 2242 524 2247; x_wconf 95' lang='lat' dir='ltr'><strong> </strong></span> 
     </span>
    </p>
   </div>
   <div class='ocr_carea' id='block_1_5' title="bbox 251 2283 1762 2964">
    <p class='ocr_par' dir='ltr' id='par_1_6' title="bbox 253 2283 1762 2398">
     <span class='ocr_line' id='line_1_25' title="bbox 387 2283 1762 2330; baseline 0 -10"><span class='ocrx_word' id='word_1_196' title='bbox 387 2283 401 2308; x_wconf 86' lang='lat'><strong>¹</strong></span> <span class='ocrx_word' id='word_1_197' title='bbox 426 2284 543 2329; x_wconf 83' lang='grc' dir='ltr'>φάσμ’</span> <span class='ocrx_word' id='word_1_198' title='bbox 566 2287 704 2321; x_wconf 89' lang='lat' dir='ltr'><strong>Nauck.</strong></span> <span class='ocrx_word' id='word_1_199' title='bbox 731 2287 829 2321; x_wconf 88' lang='lat' dir='ltr'><strong>Stud.</strong></span> <span class='ocrx_word' id='word_1_200' title='bbox 855 2288 935 2320; x_wconf 89' lang='lat' dir='ltr'><strong>Eur.</strong></span> <span class='ocrx_word' id='word_1_201' title='bbox 961 2287 997 2319; x_wconf 91' lang='grc' dir='ltr'><strong>ΙΙ</strong></span> <span class='ocrx_word' id='word_1_202' title='bbox 1021 2297 1054 2330; x_wconf 89' lang='lat' dir='ltr'><strong>p.</strong></span> <span class='ocrx_word' id='word_1_203' title='bbox 1080 2285 1136 2321; x_wconf 83' lang='lat'><strong>84.</strong></span> <span class='ocrx_word' id='word_1_204' title='bbox 1187 2287 1229 2320; x_wconf 88' lang='lat' dir='ltr'><strong>cf.</strong></span> <span class='ocrx_word' id='word_1_205' title='bbox 1255 2287 1417 2330; x_wconf 70' lang='lat' dir='ltr'><strong>Kvicala,</strong></span> <span class='ocrx_word' id='word_1_206' title='bbox 1442 2287 1589 2320; x_wconf 80' lang='lat' dir='ltr'><strong>Studien</strong></span> <span class='ocrx_word' id='word_1_207' title='bbox 1614 2298 1656 2319; x_wconf 88' lang='lat' dir='ltr'><strong>zu</strong></span> <span class='ocrx_word' id='word_1_208' title='bbox 1682 2288 1762 2320; x_wconf 90' lang='lat' dir='ltr'><strong>Eur.</strong></span> 
     </span>
     <span class='ocr_line' id='line_1_26' title="bbox 253 2344 718 2398; baseline 0.009 -22"><span class='ocrx_word' id='word_1_209' title='bbox 253 2344 288 2376; x_wconf 91' lang='grc' dir='ltr'><strong>ΙΙ</strong></span> <span class='ocrx_word' id='word_1_210' title='bbox 313 2355 346 2387; x_wconf 90' lang='lat' dir='ltr'><strong>p.</strong></span> <span class='ocrx_word' id='word_1_211' title='bbox 376 2344 452 2379; x_wconf 88' lang='lat'>100.</span> <span class='ocrx_word' id='word_1_212' title='bbox 697 2382 718 2398; x_wconf 59' lang='lat' dir='ltr'>x</span> 
     </span>
    </p>

    <p class='ocr_par' dir='ltr' id='par_1_7' title="bbox 254 2401 1762 2496">
     <span class='ocr_line' id='line_1_27' title="bbox 384 2401 1762 2448; baseline 0.002 -12"><span class='ocrx_word' id='word_1_213' title='bbox 384 2401 400 2426; x_wconf 77' lang='lat'><strong>2</strong></span> <span class='ocrx_word' id='word_1_214' title='bbox 424 2403 505 2436; x_wconf 90' lang='lat' dir='ltr'><strong>loeo</strong></span> <span class='ocrx_word' id='word_1_215' title='bbox 530 2405 696 2439; x_wconf 86' lang='lat' dir='ltr'><strong>indicato.</strong></span> <span class='ocrx_word' id='word_1_216' title='bbox 737 2405 829 2437; x_wconf 91' lang='lat' dir='ltr'><strong>Vide</strong></span> <span class='ocrx_word' id='word_1_217' title='bbox 851 2410 966 2438; x_wconf 87' lang='lat' dir='ltr'><strong>tamen</strong></span> <span class='ocrx_word' id='word_1_218' title='bbox 990 2405 1137 2448; x_wconf 86' lang='lat' dir='ltr'><strong>exempli</strong></span> <span class='ocrx_word' id='word_1_219' title='bbox 1163 2415 1264 2438; x_wconf 90' lang='lat' dir='ltr'><strong>causa</strong></span> <span class='ocrx_word' id='word_1_220' title='bbox 1281 2405 1446 2448; x_wconf 90' lang='lat' dir='ltr'><strong>Aeschyl.</strong></span> <span class='ocrx_word' id='word_1_221' title='bbox 1465 2404 1620 2447; x_wconf 87' lang='lat' dir='ltr'><strong>Choeph.</strong></span> <span class='ocrx_word' id='word_1_222' title='bbox 1646 2416 1677 2438; x_wconf 93' lang='lat' dir='ltr'><strong>v.</strong></span> <span class='ocrx_word' id='word_1_223' title='bbox 1694 2403 1762 2439; x_wconf 77' lang='lat'><strong>225</strong></span> 
     </span>
     <span class='ocr_line' id='line_1_28' title="bbox 254 2461 404 2496; baseline -0.007 -2"><span class='ocrx_word' id='word_1_224' title='bbox 254 2461 404 2496; x_wconf 87' lang='lat' dir='ltr'><strong>Kirchh.</strong></span> 
     </span>
    </p>

    <p class='ocr_par' dir='ltr' id='par_1_8' title="bbox 256 2518 1761 2625">
     <span class='ocr_line' id='line_1_29' title="bbox 383 2518 1761 2566; baseline 0.001 -14"><span class='ocrx_word' id='word_1_225' title='bbox 383 2518 399 2542; x_wconf 79' lang='lat'>³</span> <span class='ocrx_word' id='word_1_226' title='bbox 422 2522 466 2554; x_wconf 86' lang='lat' dir='ltr'><strong>cf.</strong></span> <span class='ocrx_word' id='word_1_227' title='bbox 486 2521 619 2557; x_wconf 86' lang='lat' dir='ltr'><strong>Alcest.</strong></span> <span class='ocrx_word' id='word_1_228' title='bbox 637 2522 706 2557; x_wconf 82' lang='lat'><strong>579</strong></span> <span class='ocrx_word' id='word_1_229' title='bbox 732 2522 801 2556; x_wconf 92' lang='grc' dir='ltr'><strong>σὺν</strong></span> <span class='ocrx_word' id='word_1_230' title='bbox 818 2522 851 2556; x_wconf 83' lang='grc' dir='ltr'><strong>δ’</strong></span> <span class='ocrx_word' id='word_1_231' title='bbox 869 2520 1129 2564; x_wconf 78' lang='grc' dir='ltr'>ἐποιμαίνοντο</span> <span class='ocrx_word' id='word_1_232' title='bbox 1155 2525 1249 2566; x_wconf 83' lang='grc' dir='ltr'>χαρᾷ</span> <span class='ocrx_word' id='word_1_233' title='bbox 1276 2521 1419 2564; x_wconf 88' lang='grc' dir='ltr'>μελέων</span> <span class='ocrx_word' id='word_1_234' title='bbox 1440 2520 1556 2563; x_wconf 83' lang='grc' dir='ltr'>βαλιαί</span> <span class='ocrx_word' id='word_1_235' title='bbox 1574 2531 1614 2555; x_wconf 90' lang='grc' dir='ltr'><strong>τε</strong></span> <span class='ocrx_word' id='word_1_236' title='bbox 1631 2520 1761 2562; x_wconf 87' lang='grc' dir='ltr'>λύγκες</span> 
     </span>
     <span class='ocr_line' id='line_1_30' title="bbox 256 2578 1331 2625; baseline 0.004 -15"><span class='ocrx_word' id='word_1_237' title='bbox 256 2596 295 2601; x_wconf 90' lang='grc'>-</span> <span class='ocrx_word' id='word_1_238' title='bbox 323 2578 465 2611; x_wconf 89' lang='lat' dir='ltr'><strong>dubium</strong></span> <span class='ocrx_word' id='word_1_239' title='bbox 490 2584 541 2612; x_wconf 87' lang='lat' dir='ltr'><strong>est</strong></span> <span class='ocrx_word' id='word_1_240' title='bbox 564 2580 658 2625; x_wconf 85' lang='grc' dir='ltr'>πρὸς</span> <span class='ocrx_word' id='word_1_241' title='bbox 681 2580 798 2625; x_wconf 85' lang='grc' dir='ltr'>χαρὰν</span> <span class='ocrx_word' id='word_1_242' title='bbox 822 2580 946 2623; x_wconf 87' lang='grc' dir='ltr'>λόγων</span> <span class='ocrx_word' id='word_1_243' title='bbox 970 2580 1077 2624; x_wconf 90' lang='lat' dir='ltr'><strong>Soph.</strong></span> <span class='ocrx_word' id='word_1_244' title='bbox 1102 2580 1225 2614; x_wconf 86' lang='lat' dir='ltr'><strong>Trach.</strong></span> <span class='ocrx_word' id='word_1_245' title='bbox 1255 2579 1331 2615; x_wconf 84' lang='lat'><strong>179.</strong></span> 
     </span>
    </p>

    <p class='ocr_par' dir='ltr' id='par_1_9' title="bbox 251 2635 1761 2917">
     <span class='ocr_line' id='line_1_31' title="bbox 382 2635 1760 2682; baseline -0.001 -11"><span class='ocrx_word' id='word_1_246' title='bbox 382 2635 398 2659; x_wconf 81' lang='lat'>4</span> <span class='ocrx_word' id='word_1_247' title='bbox 422 2639 513 2680; x_wconf 86' lang='lat' dir='ltr'><strong>apud</strong></span> <span class='ocrx_word' id='word_1_248' title='bbox 527 2640 702 2682; x_wconf 87' lang='lat' dir='ltr'><strong>Baierum,</strong></span> <span class='ocrx_word' id='word_1_249' title='bbox 742 2640 971 2673; x_wconf 87' lang='lat' dir='ltr'><strong>animadvers.</strong></span> <span class='ocrx_word' id='word_1_250' title='bbox 997 2640 1033 2671; x_wconf 90' lang='lat' dir='ltr'><strong>in</strong></span> <span class='ocrx_word' id='word_1_251' title='bbox 1054 2645 1174 2682; x_wconf 89' lang='lat' dir='ltr'><strong>poetas</strong></span> <span class='ocrx_word' id='word_1_252' title='bbox 1199 2640 1345 2680; x_wconf 84' lang='lat' dir='ltr'><strong>tragicos</strong></span> <span class='ocrx_word' id='word_1_253' title='bbox 1373 2640 1520 2671; x_wconf 85' lang='lat' dir='ltr'><strong>Graecos</strong></span> <span class='ocrx_word' id='word_1_254' title='bbox 1545 2650 1579 2681; x_wconf 89' lang='lat' dir='ltr'><strong>p.</strong></span> <span class='ocrx_word' id='word_1_255' title='bbox 1592 2637 1639 2671; x_wconf 78' lang='lat'><strong>52</strong></span> <span class='ocrx_word' id='word_1_256' title='bbox 1663 2637 1760 2679; x_wconf 89' lang='lat' dir='ltr'><strong>(diss.</strong></span> 
     </span>
     <span class='ocr_line' id='line_1_32' title="bbox 253 2694 1760 2742; baseline 0.001 -17"><span class='ocrx_word' id='word_1_257' title='bbox 253 2694 365 2728; x_wconf 89' lang='lat' dir='ltr'><strong>Bonn.</strong></span> <span class='ocrx_word' id='word_1_258' title='bbox 393 2694 511 2739; x_wconf 82' lang='lat'>1874).</span> <span class='ocrx_word' id='word_1_259' title='bbox 549 2708 621 2730; x_wconf 88' lang='lat' dir='ltr'><strong>non</strong></span> <span class='ocrx_word' id='word_1_260' title='bbox 647 2703 766 2731; x_wconf 86' lang='lat' dir='ltr'><strong>curant</strong></span> <span class='ocrx_word' id='word_1_261' title='bbox 783 2698 872 2731; x_wconf 80' lang='lat' dir='ltr'><strong>hanc</strong></span> <span class='ocrx_word' id='word_1_262' title='bbox 897 2709 970 2731; x_wconf 88' lang='lat' dir='ltr'><strong>rem</strong></span> <span class='ocrx_word' id='word_1_263' title='bbox 983 2698 1188 2731; x_wconf 87' lang='lat' dir='ltr'><strong>Wheelerus</strong></span> <span class='ocrx_word' id='word_1_264' title='bbox 1214 2697 1275 2742; x_wconf 89' lang='lat' dir='ltr'><strong>(de</strong></span> <span class='ocrx_word' id='word_1_265' title='bbox 1302 2697 1492 2730; x_wconf 83' lang='lat' dir='ltr'><strong>Alcestidis</strong></span> <span class='ocrx_word' id='word_1_266' title='bbox 1519 2701 1553 2728; x_wconf 86' lang='lat' dir='ltr'><strong>et</strong></span> <span class='ocrx_word' id='word_1_267' title='bbox 1577 2695 1760 2738; x_wconf 89' lang='lat' dir='ltr'><strong>Hippolyti</strong></span> 
     </span>
     <span class='ocr_line' id='line_1_33' title="bbox 254 2752 1759 2799; baseline 0.007 -16"><span class='ocrx_word' id='word_1_268' title='bbox 254 2752 372 2795; x_wconf 81' lang='lat' dir='ltr'><strong>Eurip.</strong></span> <span class='ocrx_word' id='word_1_269' title='bbox 398 2753 725 2797; x_wconf 85' lang='lat' dir='ltr'><strong>interpolationibus</strong></span> <span class='ocrx_word' id='word_1_270' title='bbox 751 2756 887 2790; x_wconf 87' lang='lat' dir='ltr'><strong>dissert.</strong></span> <span class='ocrx_word' id='word_1_271' title='bbox 913 2757 1024 2790; x_wconf 88' lang='lat' dir='ltr'><strong>Bonn.</strong></span> <span class='ocrx_word' id='word_1_272' title='bbox 1052 2756 1143 2791; x_wconf 83' lang='lat'>1879</span> <span class='ocrx_word' id='word_1_273' title='bbox 1167 2767 1200 2799; x_wconf 91' lang='lat' dir='ltr'><strong>p.</strong></span> <span class='ocrx_word' id='word_1_274' title='bbox 1226 2756 1286 2798; x_wconf 88' lang='lat'><strong>41)</strong></span> <span class='ocrx_word' id='word_1_275' title='bbox 1315 2756 1373 2799; x_wconf 91' lang='lat' dir='ltr'><strong>qui</strong></span> <span class='ocrx_word' id='word_1_276' title='bbox 1397 2754 1595 2798; x_wconf 73' lang='lat' dir='ltr'><strong>proposuit:</strong></span> <span class='ocrx_word' id='word_1_277' title='bbox 1632 2753 1655 2795; x_wconf 86' lang='grc' dir='ltr'>ἢ</span> <span class='ocrx_word' id='word_1_278' title='bbox 1682 2763 1759 2796; x_wconf 59' lang='lat' dir='ltr'>Kep-</span> 
     </span>
     <span class='ocr_line' id='line_1_34' title="bbox 251 2809 1761 2859; baseline 0.003 -17"><span class='ocrx_word' id='word_1_279' title='bbox 251 2809 356 2853; x_wconf 84' lang='grc' dir='ltr'>τόμῳ</span> <span class='ocrx_word' id='word_1_280' title='bbox 381 2820 425 2851; x_wconf 87' lang='grc' dir='ltr'><strong>με</strong></span> <span class='ocrx_word' id='word_1_281' title='bbox 451 2813 550 2846; x_wconf 90' lang='grc' dir='ltr'>θεῶν</span> <span class='ocrx_word' id='word_1_282' title='bbox 574 2822 629 2853; x_wconf 84' lang='grc' dir='ltr'><strong>τις</strong></span> <span class='ocrx_word' id='word_1_283' title='bbox 654 2813 855 2856; x_wconf 83' lang='grc' dir='ltr'>ἐκπλήσσει</span> <span class='ocrx_word' id='word_1_284' title='bbox 879 2817 985 2859; x_wconf 84' lang='grc' dir='ltr'>χαρᾷ,</span> <span class='ocrx_word' id='word_1_285' title='bbox 1031 2820 1089 2847; x_wconf 86' lang='lat' dir='ltr'><strong>aut</strong></span> <span class='ocrx_word' id='word_1_286' title='bbox 1114 2815 1154 2848; x_wconf 83' lang='lat' dir='ltr'><strong>F.</strong></span> <span class='ocrx_word' id='word_1_287' title='bbox 1181 2816 1241 2848; x_wconf 87' lang='lat' dir='ltr'><strong>W.</strong></span> <span class='ocrx_word' id='word_1_288' title='bbox 1267 2813 1492 2846; x_wconf 83' lang='lat' dir='ltr'><strong>Schmidtius:</strong></span> <span class='ocrx_word' id='word_1_289' title='bbox 1533 2813 1555 2854; x_wconf 85' lang='grc' dir='ltr'>ἢ</span> <span class='ocrx_word' id='word_1_290' title='bbox 1582 2812 1761 2854; x_wconf 82' lang='grc' dir='ltr'>κέρτομός</span> 
     </span>
     <span class='ocr_line' id='line_1_35' title="bbox 253 2869 1445 2917; baseline 0.003 -16"><span class='ocrx_word' id='word_1_291' title='bbox 253 2877 297 2910; x_wconf 90' lang='grc' dir='ltr'><strong>με</strong></span> <span class='ocrx_word' id='word_1_292' title='bbox 322 2869 421 2903; x_wconf 84' lang='grc' dir='ltr'>Θεῶν</span> <span class='ocrx_word' id='word_1_293' title='bbox 445 2879 501 2911; x_wconf 87' lang='grc' dir='ltr'><strong>τις</strong></span> <span class='ocrx_word' id='word_1_294' title='bbox 525 2869 686 2907; x_wconf 81' lang='grc' dir='ltr'>ἐκπαίζει</span> <span class='ocrx_word' id='word_1_295' title='bbox 710 2872 824 2916; x_wconf 78' lang='grc' dir='ltr'>τάχας</span> <span class='ocrx_word' id='word_1_296' title='bbox 849 2872 944 2917; x_wconf 84' lang='grc' dir='ltr'>χαρά</span> <span class='ocrx_word' id='word_1_297' title='bbox 966 2873 1002 2906; x_wconf 86' lang='lat' dir='ltr'><strong>in</strong></span> <span class='ocrx_word' id='word_1_298' title='bbox 1029 2872 1133 2917; x_wconf 84' lang='grc' dir='ltr'>χάρις</span> <span class='ocrx_word' id='word_1_299' title='bbox 1158 2878 1264 2906; x_wconf 88' lang='lat' dir='ltr'><strong>mutat</strong></span> <span class='ocrx_word' id='word_1_300' title='bbox 1288 2871 1445 2915; x_wconf 65' lang='lat' dir='ltr'><strong>Kvicala.</strong></span> 
     </span>
    </p>

    <p class='ocr_par' dir='ltr' id='par_1_10' title="bbox 383 2924 784 2964">
     <span class='ocr_line' id='line_1_36' title="bbox 383 2924 784 2964; baseline 0.015 -6"><span class='ocrx_word' id='word_1_301' title='bbox 383 2924 399 2948; x_wconf 86' lang='lat'><strong>5</strong></span> <span class='ocrx_word' id='word_1_302' title='bbox 423 2928 466 2962; x_wconf 86' lang='lat' dir='ltr'><strong>cf.</strong></span> <span class='ocrx_word' id='word_1_303' title='bbox 492 2928 607 2963; x_wconf 81' lang='lat' dir='ltr'><strong>Baier.</strong></span> <span class='ocrx_word' id='word_1_304' title='bbox 633 2929 655 2963; x_wconf 90' lang='lat' dir='ltr'><strong>l.</strong></span> <span class='ocrx_word' id='word_1_305' title='bbox 679 2929 784 2964; x_wconf 87' lang='lat' dir='ltr'><strong>indic.</strong></span> 
     </span>
    </p>
   </div>
  </div>
 </body>
</html>
