2047 3253
973 109 1019 150 17

239 242 345 283 quae
383 231 545 271 libertas
586 230 690 269 sicut
729 243 781 268 eo
820 229 1053 267 defenditur
1089 229 1200 279 quod
1236 236 1287 268 et-
1304 225 1387 270 σόν
1416 235 1459 268 et
1493 225 1548 270 σύ
1589 241 1682 268 cum
1712 228 1750 267 vi

238 299 541 349 pronuntianda
571 301 676 341 sunt,
706 296 763 334 ita
788 296 1011 335 admodum
1040 295 1135 334 mihi
1164 296 1329 345 insignis
1350 296 1507 334 videtur
1535 295 1632 334 ideo
1651 307 1750 345 quo-

240 379 318 416 que
348 367 443 417 quia
469 370 630 416 praeter
653 364 761 402 hunc
781 363 914 401 locum
933 364 1067 413 plures
1096 375 1217 413 quam
1239 363 1352 402 binas
1374 364 1571 413 deinceps·
1588 363 1754 401 trimetri

238 433 488 472 elevationes
517 431 667 469 voculis
696 430 884 468 brevibus
913 430 1197 480 monosyllabis
1227 431 1416 480 occupari
1436 442 1637 480 nusquam
1656 429 1751 468 vidi.

240 500 334 548 Qua
356 498 638 538 observatione
659 498 978 547 disputationem
997 498 1184 535 claudere
1208 498 1353 536 licebit.
1413 498 1476 535 Ne
1497 497 1596 546 quid
1616 503 1755 535 tamen

238 565 500 617 dereliquisse
533 564 683 616 videar,
726 564 767 602 in
798 564 878 602 fine
909 563 1026 602 huius
1056 563 1177 602 libelli
1207 564 1345 603 tabula
1375 564 1577 603 adicietur
1606 576 1629 602 e
1658 575 1753 614 qua,

237 634 443 683 quomodo
475 643 549 682 per
578 632 754 680 singulas
783 631 940 668 fabulas
965 631 1104 679 tragici
1133 632 1172 668 in
1193 632 1362 669 duorum
1387 632 1582 681 deinceps
1601 632 1752 681 pedum

237 700 485 739 elevationes
521 697 797 748 monosyllaba
837 697 972 736 brevia
1008 697 1255 743 admiserint,
1294 710 1412 748 quam
1450 697 1752 737 accuratissime

236 771 445 817 appareat.

445 846 447 848 V
569 860 712 899 Helen.
744 872 801 899 vs.
834 863 909 900 131
942 872 1033 899 curn
1065 861 1194 899 codex
1225 860 1414 898 exhibeat

432 945 511 988 κάκ
540 949 668 990 τοῦδε
697 945 920 990 Μενέλαον
949 946 1065 1003 οὔτις
1097 945 1170 989 εἶδ’
1202 945 1458 999 ἀφιγμένον,
1687 1005 1690 1009 ⁴

237 1015 417 1053 editores
445 1017 719 1064 recentissimi,
753 1017 988 1054 Barnesium
1017 1017 1155 1061 secuti,
1185 1016 1350 1054 alteram
1379 1015 1551 1072 nominis
1571 1015 1750 1053 sormam

235 1082 468 1132 reposuisse
500 1082 596 1120 satis
633 1082 872 1133 habuerunt,
909 1082 974 1120 eui
1008 1088 1145 1121 tamen
1176 1083 1340 1120 lectioni
1371 1082 1416 1120 id
1453 1083 1600 1128 obstat,
1637 1083 1749 1132 quod

233 1145 465 1197 Μενέλεως
490 1149 741 1195 vocabulum,
771 1155 973 1199 quotquot
1000 1149 1098 1187 locis
1119 1149 1330 1194 invenitur,
1351 1149 1462 1187 haud
1483 1150 1597 1188 aliter
1624 1155 1748 1199 atque

237 1206 406 1265 Ἰόλεως
436 1215 632 1265 synizesin
660 1215 922 1265 non-patitur
950 1215 1132 1265 exceptis
1161 1215 1255 1254 Eur.
1286 1214 1354 1255 Or.
1385 1227 1441 1256 vs.
1474 1217 1523 1255 18

596 1280 823 1331 Μενέλεώς
853 1294 898 1330 τε
929 1280 1129 1332 Κρήσσης
1159 1280 1318 1332 μητρὸς
1343 1280 1559 1333 Ἀερόπης
1588 1279 1673 1323 ἄπο

234 1354 275 1387 et
293 1348 382 1399 Iph.
402 1348 452 1387 T.
472 1351 550 1389 357
598 1346 828 1390 Μενέλεών
848 1346 900 1394 θ’,
927 1345 980 1390 ἵν’
1013 1346 1170 1399 αὐτοὺς
1201 1346 1616 1400 ἀντετιμωρησάμην.

232 1416 355 1453 Aliud
384 1421 520 1454 autem
548 1427 639 1454 esse
669 1417 702 1453 si
731 1416 831 1465 quid
851 1416 1039 1454 licentiae
1066 1416 1107 1453 in
1123 1416 1258 1484 ¹primo
1292 1417 1458 1454 trimetri
1485 1417 1594 1466 pede
1624 1419 1745 1467 tragi-

233 1493 305 1520 cus
334 1482 407 1520 sibi
436 1482 704 1532 adrogaverit,
748 1482 858 1520 aliud
896 1482 928 1520 si
958 1482 998 1519 in
1029 1482 1161 1533 tertio,
1196 1494 1316 1524 nemo
1346 1482 1485 1521 harum
1514 1495 1644 1521 rerum
1673 1495 1746 1533 pe-

231 1549 328 1587 ritus
371 1560 455 1587 non
493 1550 706 1589 concedet.
747 1549 850 1593 >Iam
885 1561 980 1586 vero
1021 1548 1106 1599 Iph.
1138 1550 1227 1589 Aul.
1263 1551 1342 1588 506
1388 1549 1620 1589 coniectura
1661 1551 1745 1589 illa-

231 1621 315 1653 tum
344 1621 408 1654 est

429 1678 532 1722 αἰνῶ
561 1689 625 1732 σε,
654 1679 893 1731 Μενέλεως,
922 1679 987 1722 ὅτι
1015 1680 1132 1732 παρὰ
1161 1680 1335 1732 γνώμην
1361 1679 1466 1732 ἐμὴν
1495 1701 1545 1709 ·-

231 1749 340 1787 Libri
361 1750 490 1788 enim:
523 1747 628 1789 αἰνῶ
649 1757 714 1800 σε,
743 1746 981 1799 Μενέλαος,
1001 1750 1110 1787 unde
1131 1749 1391 1788 Marklandus
1412 1762 1567 1788 memor
1592 1750 1744 1789 Troad.

230 1827 370 1854 versus
402 1817 480 1856 890
519 1812 623 1855 αἰνῶ
659 1823 722 1866 σε,
762 1813 960 1863 Μενέλα’,
1003 1811 1039 1856 εἰ
1067 1815 1230 1866 κτενεῖς
1257 1812 1452 1866 δάμαρτα
1481 1813 1565 1865 σήν
1603 1817 1745 1856 effece-

230 1889 292 1920 rat
321 1880 426 1923 αἰνῶ
456 1890 520 1931 σε,
558 1880 755 1933 Μενέλα’,
789 1880 856 1923 ὅτι
891 1881 1006 1932 παρὰ
1041 1880 1214 1932 γνώμην
1245 1881 1349 1932 ἐμὴν
1377 1905 1432 1910 -
1461 1884 1598 1933 utique
1635 1891 1744 1923 ratus

231 1959 282 1999 ος
315 1949 508 1999 syllabam
533 1948 808 2000 dittographia
839 1955 967 1988 ortam
997 1961 1104 1999 esse,
1135 1949 1326 2000 quoniam
1347 1946 1444 1990 ὅτῑῙ
1475 1950 1744 2000 subsequitur.

230 2016 349 2064 Quae
385 2017 616 2054 coniectura
651 2016 748 2074 mihi
784 2028 944 2065 quoque
980 2017 1185 2065 probatur.
1254 2016 1337 2054 Sed
1378 2017 1419 2054 in
1454 2016 1523 2054 illo
1559 2017 1744 2055 Helenae

229 2083 427 2134 exemplo,
456 2082 566 2120 unde
585 2081 791 2138 profectus
813 2094 913 2128 sum,
943 2095 996 2120 ne
1021 2079 1068 2122 ἐκ
1095 2081 1221 2123 τοῦδε
1252 2082 1418 2132 quidem
1446 2082 1599 2133 placet;
1631 2096 1744 2122 nam·

232 2162 312 2199 que
347 2156 391 2188 ut
417 2145 629 2187 ‘antehac'
659 2148 733 2187 fuit
762 2147 846 2198 πρὸ
876 2149 965 2195 τοῦ,
996 2150 1054 2187 sic
1074 2147 1258 2188 ‘dehinc‘
1289 2148 1335 2189 ἐκ
1363 2149 1440 2190 τοῦ
1461 2150 1643 2200 Euripidi
1673 2164 1744 2189 va-

228 2216 349 2254 luisse
378 2221 489 2265 puto.
555 2215 679 2253 Velut
707 2222 770 2254 est
799 2216 860 2254 El.
891 2228 928 2254 v.
961 2216 1253 2266 1263ψῆφος
1290 2214 1438 2267 βεβαία
1473 2219 1508 2256 τ’
1546 2215 1664 2258 ἐστὶν
1697 2215 1743 2258 ἔκ

185 2281 188 2283 ’
228 2292 278 2329 γε
307 2281 384 2322 τοῦ
416 2280 599 2331 βροτοῖς.
659 2276 845 2331 Itemque
863 2282 1024 2321 Hercul.
1053 2295 1088 2322 v.
1111 2284 1205 2330 947,
1236 2283 1303 2320 ubi
1333 2283 1373 2321 in
1404 2283 1510 2322 libris
1541 2281 1587 2323 ἐκ
1614 2284 1741 2324 τοῦδε

230 2345 387 2398 βαίνων
423 2343 574 2398 ἅρματ’
605 2345 683 2388 οὐκ
718 2345 827 2397 ἔχων
856 2345 969 2398 ἔχειν
993 2351 1001 2396 Ι
1026 2346 1192 2398 ἔφασκε
1229 2349 1439 2398 invenitur,
1479 2350 1660 2396 fortasse,
1689 2362 1741 2388 ne

227 2415 376 2463 copula
405 2414 632 2453 sententiae
661 2415 779 2460 desit,
809 2420 1008 2464 praestat:
1044 2413 1091 2455 ἐκ
1115 2415 1192 2455 τοῦ
1223 2414 1270 2455 δὲ
1299 2413 1455 2465 βαίνων
1485 2413 1634 2466 ἅρματ’
1663 2413 1741 2456 οὐκ

229 2476 341 2530 ἔχων
360 2477 472 2531 ἔχειν
498 2478 504 2531 Ι
529 2477 710 2532 ἔφασκε,
739 2487 780 2519 et
807 2481 846 2519 ei
866 2481 1124 2520 coniecturae
1150 2482 1285 2521 favent
1304 2481 1446 2520 Dionis
1468 2481 1741 2533 Chrysostomi

225 2601 328 2635 vitate
353 2602 499 2645 quadam
526 2608 747 2637 exornarent:
773 2602 887 2646 itaque
911 2602 967 2635 his
985 2602 1076 2636 locis
1094 2603 1335 2647 monosyllaba
1351 2603 1526 2637 cumulare
1543 2604 1737 2638 noluerunt.

225 2661 275 2692 At
299 2660 415 2693 Sileno
441 2661 584 2703 dignum
609 2666 663 2695 est
688 2661 784 2705 quod
810 2665 930 2709 exstat*
945 2662 1028 2696 Eur.
1054 2650 1148 2705 C'ycl.
1173 2661 1243 2697 558

423 2720 507 2753 KY.
534 2718 703 2766 ἀπολεῖς·
730 2718 796 2761 δὸς
820 2718 951 2760 οὕτως.
979 2719 1057 2754 ΣΕΙ.
1084 2720 1144 2753 ναὶ
1169 2719 1219 2761 μὰ
1244 2719 1304 2754 Δί’
1330 2720 1374 2754 οὐ
1400 2721 1485 2764 πρὶν
1510 2721 1556 2755 ἄν
1580 2721 1622 2763 γέ
1647 2730 1689 2755 σε
1735 2754 1737 2756 .

534 2777 725 2822 στέφανον
749 2776 818 2812 ἴδω
842 2776 1005 2819 λαβόντα
1028 2776 1219 2820 γεύσωμαί
1242 2777 1285 2812 τέ
1308 2788 1354 2813 τι.

324 2879 325 2882 ¹
357 2831 372 2856 1
395 2835 453 2867 Sic
478 2836 635 2869 versibus
660 2836 892 2879 septendecim
917 2839 996 2868 ante
1021 2835 1204 2879 πράγματ’
1227 2837 1263 2869 in
1287 2836 1485 2879 πράγματα
1510 2836 1541 2870 δ’
1567 2839 1712 2872 abierat.

1452 2893 1475 2929 2
