2047 3253
992 191 1040 230 33

256 318 331 357 lius
365 326 434 354 me
458 325 553 354 esse
592 313 888 355 intellecturum
927 311 1252 394 interpunctione
1291 310 1527 360 paullulum
1545 308 1769 358 immutata,

254 383 381 424 hunc
394 382 436 419 in
461 380 658 419 modum:-

423 444 707 497 σπεύδομεν
727 443 815 490 αἵδ’
841 443 1019 497 ἀφελεῖν
1045 455 1142 486 τινα
1169 441 1304 485 τάσδε
1332 441 1561 494 μερίμνας·

450 513 563 554 θεῶν
589 508 629 553 δ’
655 512 761 561 (scil.
789 509 919 562 ἔστιν,
957 511 1302 561 dequo-omisso
1332 510 1383 548 cf.
1411 510 1508 550 Eur.
1538 511 1626 549 Alc.
1655 507 1771 560 882),

938 619 941 623 .
1269 573 1466 618 ἀτέλειαν
1494 573 1635 627 ἐμαῖσι

581 646 715 696 λιταῖς
743 644 1000 697 ἐπικραίνειν
1284 652 1286 655 ’
1378 679 1381 681 .

328 755 331 759 ,
451 712 547 765 μηδ’
576 710 650 765 εἰς’
665 711 862 764 ἄγκρισιν
890 711 1043 755 ἐλθεῖν.

254 783 407 823 Ultima
434 788 522 821 tum
550 781 795 831 significant:
833 781 937 819 deos
965 778 1088 832 (scito
1118 777 1221 830 τοὺς
1251 777 1491 829 νεωτέρους
1518 776 1667 828 θεούς)
1685 780 1769 823 ,de-

253 855 320 887 cet
346 848 455 887 nulla
483 847 777 897 impedimenta
798 846 978 885 consiliis
1012 845 1164 885 nostris
1199 851 1367 891 struere,
1396 850 1440 883 ut
1463 844 1682 884 scholiasta
1710 845 1768 883 in-

253 910 719 965 terpretaturzefix'oum
743 911 888 962 (ubiP).
910 912 1003 963 τοῖς
1029 912 1147 963 θεοῖς
1179 910 1351 952 τελέσαι
1382 923 1462 961 μου
1491 909 1542 951 τὸ
1572 908 1769 962 βούλημα

253 979 321 1022 καὶ
341 979 395 1031 μὴ
413 978 479 1031 εἰς
493 977 632 1030 μάχην
650 991 721 1030 μοι
738 977 879 1020 ἐλθεῖν.
895 976 923 1020 ¹.
966 979 1157 1018 Ceterum
1176 979 1367 1029 Sophocl.
1383 978 1444 1020 Αἰ.
1461 985 1596 1016 versus
1615 980 1693 1018 116
1708 989 1768 1028 sq.

254 1050 341 1088 sine
354 1070 356 1072 ·
370 1048 625 1087 dubitatione
654 1048 712 1086 sic
741 1048 948 1087 scribendi
975 1051 1112 1086 erant:

516 1113 644 1164 χωρῶ
671 1112 782 1165 πρὸς
807 1111 938 1164 ἔργον
965 1113 1119 1155 τοῦτο·
1153 1111 1237 1153 ,σοὶ
1262 1111 1303 1153 δ’
1333 1110 1510 1163 ἐφίεμαι·

522 1177 683 1222 τοιάνδ’
713 1177 786 1221 ἀεί
807 1191 879 1231 μοι
908 1178 1135 1231 σύμμαχον
1162 1176 1442 1230 παρεστάναι.

253 1247 357 1287 Cum
391 1248 499 1288 enim
529 1248 571 1286 in
606 1249 713 1287 libris
749 1249 876 1298 χωρῶ
905 1246 1016 1298 πρὸς
1042 1245 1201 1298 ἔργον
1247 1247 1395 1287 τοῦτο
1414 1244 1491 1287 σοὶ
1523 1244 1562 1287 δ’
1600 1244 1770 1298 ἐφίεμαι

252 1327 382 1366 prono
411 1327 546 1354 errore
565 1316 760 1355 traditum
780 1316 844 1364 sit,
872 1315 1088 1366 Bergkius:
1118 1314 1244 1365 χωρῶ
1272 1312 1384 1365 πρὸς
1412 1311 1572 1364 ἔργον·
1615 1313 1691 1358 σοὶ
1717 1313 1784 1355 δὲ

251 1378 365 1423 τοῦτ’
396 1379 578 1432 ἐφίεμαι,
608 1381 868 1421 Dindorfius:
904 1381 1033 1432 χωρῶ
1061 1379 1172 1432 πρὸς
1205 1378 1360 1431 ἔργον·
1406 1379 1480 1422 σοὶ
1513 1382 1552 1422 δ’
1581 1379 1766 1433 ἐφίεμαι,

252 1444 331 1489 θεά
355 1447 583 1494 coniecere,
612 1448 817 1490 Nauckius
844 1449 1038 1499 denique,
1067 1454 1292 1498 utcumque
1325 1459 1379 1489 ea
1412 1459 1478 1492 res
1508 1460 1555 1487 se
1583 1448 1766 1497 haberet,

252 1516 391 1565 utique
422 1516 630 1556 edendum
658 1515 735 1555 sibi
769 1526 863 1556 esse
891 1515 1069 1565 putavit:
1106 1514 1235 1571 χωρῶ
1262 1512 1372 1563 πρὸς
1401 1511 1529 1564 ἔργον
1543 1521 1552 1530 ·
1599 1513 1765 1565 [τοῦτο]

252 1578 323 1622 σοὶ
355 1579 394 1621 δ’
423 1578 604 1632 ἐφίεμαι.
662 1581 804 1622 ἱΤίᾶιειῦγ
827 1587 1188 1631 ειιιιειιιφιαιιειιιιι
1216 1581 1420 1619 interdum
1451 1581 1649 1619 lucremur
1675 1581 1764 1619 sola

251 1646 575 1698 interpunctione
610 1654 774 1692 mutata.
829 1648 912 1688 Sed
950 1654 996 1688 ut
1028 1649 1196 1690 redeam
1233 1648 1289 1688 ad
1317 1659 1379 1699 ea,
1418 1660 1523 1698 quae
1553 1650 1762 1698 proposita

252 1720 358 1760 sunt,
390 1715 433 1753 fit
460 1716 678 1766 aliquando
705 1720 751 1758 ut
775 1712 862 1763 ἐγώ
889 1715 1000 1757 iuxta
1018 1712 1095 1759 ὅδε
1113 1721 1301 1765 ponatur,
1330 1715 1374 1753 id
1400 1716 1514 1765 quod
1542 1727 1761 1766 numquam

251 1782 479 1829 accidisset,
517 1782 550 1821 si
579 1782 748 1823 alterum
776 1782 936 1824 alterius
971 1782 1302 1833 significationem
1332 1788 1584 1833 occupasset.
1643 1783 1762 1823 Conf.

251 1850 373 1900 Soph.
403 1849 453 1890 O.
476 1850 526 1888 R.
544 1850 624 1890 968
653 1847 738 1898 ἐγὼ
757 1845 794 1889 δ’
828 1846 892 1889 ὅδ’
922 1846 1089 1896 ἐνθάδε,
1120 1849 1212 1891 Eur.
1244 1849 1437 1904 Androm.
1457 1851 1536 1889 501
1568 1847 1635 1890 ἅδ’
1664 1848 1765 1899 ἑγιὶι,

250 1915 394 1959 Helen.
423 1918 504 1960 528
533 1913 743 1968 ἥδ’-ἐγώ
769 1922 837 1958 ctt.
891 1917 1081 1956 Indidem
1115 1914 1352 1958 Herodotus
1380 1917 1399 1954 I
1436 1918 1516 1959 115
1544 1914 1582 1957 εἰ
1611 1914 1671 1958 ὧν
1709 1916 1761 1967 δὴ

249 1982 376 2025 τοῦδε
408 1979 569 2027 εἵνεκεν
598 1979 716 2035 ἄξιός
743 1994 817 2025 τευ
846 1982 979 2025 κακοῦ
1006 1979 1099 2033 εἰμί,
1129 1980 1216 2024 ὅδε
1244 1993 1311 2025 τοι
1338 1979 1552 2034 πάρειμι,
1582 1990 1625 2021 at
1643 1984 1662 2023 1
1684 1986 1763 2025 108

249 2045 285 2088 ὦ
301 2049 495 2104 βασιλεῦ,
519 2045 618 2092 οὔτε
639 2045 794 2092 ἄλλοτέ
814 2061 875 2091 κω
895 2048 1096 2117 παρεῖδες
1126 2045 1281 2099 ἀνδρὶ
1309 2049 1442 2102 τῷδε
1467 2045 1594 2100 ἄχαρι
1618 2047 1761 2097 οὐδέν,

249 2115 430 2169 Antipho
458 2113 554 2166 περὶ
581 2116 658 2159 τοῦ
688 2115 896 2166 χορευτοῦ
913 2116 940 2163 θ
962 2118 986 2156 9
1017 2113 1160 2171 οὐδεὶς
1189 2113 1363 2159 πώποτε
1389 2111 1484 2165 οἶός
1513 2126 1559 2156 τε
1590 2113 1762 2164 ἐγένετο

249 2200 303 2207 —-
323 2179 534 2232 ἐξελέγξαι
554 2179 785 2224 ἀδικοῦντα
813 2179 969 2224 τόνδε
997 2180 1092 2224 τὸν
1120 2178 1286 2232 ἄνδρα
1313 2181 1364 2223 τὸ
1392 2182 1557 2233 πλῆθος
1586 2181 1638 2224 τὸ
1667 2180 1764 2236 ὑμέ-

249 2258 388 2298 τερον.
446 2248 589 2301 Neque
618 2250 734 2293 aliter
764 2250 917 2301 tragici,
946 2250 1092 2301 quibus
1110 2250 1230 2300 vulgo
1248 2246 1357 2303 ἀνήρ
1377 2239 1670 2291 substantivum
1690 2252 1762 2290 ad·

250 2315 348 2354 dere
376 2316 506 2362 libuit,
538 2316 607 2355 ubi
635 2313 711 2358 ὅδε
725 2317 988 2367 Ῥιοιιοιιιίιιὶε
1017 2317 1177 2356 casibus
1197 2314 1371 2371 obliquis
1400 2317 1479 2360 vim
1506 2319 1762 2372 personalem

251 2381 385 2420 inesse
419 2383 640 2426 voluerunt.
697 2383 833 2438 Atque
870 2383 1090 2434 Aeschylus
1131 2383 1296 2434 quidem
1334 2384 1512 2425 omnium
1549 2385 1764 2426 rarissume

248 2446 341 2487 huic
386 2450 476 2492 usui
519 2461 565 2493 se
608 2450 778 2497 addixit,
823 2451 934 2493 wius
976 2462 1101 2493 unum
1142 2450 1239 2492 mihi
1275 2450 1494 2490 innotuerit
1534 2453 1764 2503 exemplum

249 2512 360 2564 Sept.
389 2517 469 2556 634
633 2517 635 2519 ·

445 2579 508 2634 ὡς
538 2578 686 2624 οὔποτ’
716 2579 840 2634 ἀνδρὶ
867 2584 979 2638 τῷδε
1008 2581 1335 2636 κηρυκευμάτων
1361 2581 1369 2636 Ι
1393 2582 1549 2639 μέμψῃ.

249 2644 374 2690 Haud
401 2649 459 2688 ita
475 2661 642 2704 parcum
658 2649 885 2703 Sophocles
917 2662 962 2689 se
983 2651 1189 2701 praebuit:
1219 2650 1356 2690 Aiacis
1388 2664 1422 2691 v.
1443 2653 1496 2691 78
1525 2652 1636 2706 τῷδε
1664 2649 1761 2693 τάν-

249 2708 328 2764 δρί,
360 2725 394 2754 ν.
416 2715 496 2756 446
512 2713 531 2741 2
559 2712 720 2770 ἀνδρὸς
748 2712 863 2759 τοῦδ’
885 2715 938 2756 Ο.
958 2717 1006 2756 R.
1024 2717 1108 2761 534
1137 2716 1265 2761 τοῦδε
1294 2713 1492 2768 τάνδρός,
1522 2719 1602 2759 815
1631 2717 1758 2760 τοῦδέ

380 2858 396 2886 ¹
420 2862 519 2900 afflet
540 2864 729 2899 Wecklein
752 2865 790 2898 in
810 2866 973 2901 Orestiae
996 2865 1149 2899 editione
1174 2866 1319 2910 Lipsiae
1345 2867 1448 2902 1888.
1480 2879 1516 2911 p.
1541 2867 1623 2903 278.

377 2917 396 2943 ²
417 2921 502 2955 haec
525 2923 684 2968 exempla
707 2923 908 2957 Etleuam-as
932 2924 969 2960 in
997 2924 1112 2957 lexico
1134 2925 1335 2968 ‘Sophocleo
1360 2936 1431 2959 non
1457 2926 1670 2959 memoravit.

1476 2983 1498 3018 3
