2047 3253
981 110 1026 146 13

246 227 288 265 in
316 227 376 273 iis,
405 239 506 276 quas
537 228 613 265 sub
641 227 764 264 finem
784 226 889 263 vitae
917 226 1060 274 edidit,
1091 226 1244 263 maiore
1271 236 1316 262 se
1347 224 1557 273 diligentia
1583 224 1755 262 adstrin-

249 293 316 343 xit,
347 293 389 332 id
419 294 528 344 quod
558 293 694 332 tabula
722 292 893 351 adpicta
913 291 1080 331 docebit
1097 288 1113 317 ¹

623 403 781 432 monos.
809 392 988 442 longum.
1250 392 1384 431 breve.

699 461 786 500 Alc.
921 461 971 499 13
1039 463 1064 499 4

672 526 784 568 Med.
820 530 822 532 ’
919 526 970 565 16
1040 527 1064 565 8
1082 523 1101 550 ²

620 594 784 645 Hippoi.
919 595 969 632 15
1039 596 1066 633 4

595 660 783 699 ·Heracl.
920 661 971 699 12
1040 662 1065 699 5

590 728 783 767 Androm.
920 727 970 765 10
1041 729 1065 766 6

627 793 783 833 Hecub.
920 794 970 832 12
1040 795 1064 833 6

504 860 632 910 Iphig.
663 860 786 899 Taur.
920 860 968 897 21
1004 863 1006 909 ξ
1041 862 1064 898 5

650 926 785 966 Orest.
921 928 971 964 12
1043 930 1062 967 1
1083 925 1099 951 3

632 994 785 1033 Phoen.
920 994 970 1031 12
1003 999 1006 1041 ζ
1041 996 1065 1033 3

576 1061 663 1111 Iph.
693 1061 784 1099 Aul.
945 1061 970 1099 8
1003 1078 1005 1099 f
1041 1063 1064 1100 2

639 1127 783 1166 Bacch.
944 1128 968 1164 6
1002 1123 1005 1185 j
1038 1131 1065 1168 0

619 1194 780 1243 cyclops
943 1195 967 1232 6
1001 1200 1004 1243 1

600 1199 783 1303 [Rhesus
942 1262 967 1299 8
998 1245 1004 1325 Ι
1036 1200 1080 1304 Oi

255 1375 398 1424 Itaque
424 1375 465 1412 in
494 1374 572 1412 hac
596 1384 760 1423 quoque
790 1385 832 1410 re
855 1373 980 1411 Rhesi
999 1380 1123 1424 poeta
1148 1375 1199 1412 ab
1221 1375 1412 1425 Euripide
1444 1375 1540 1412 satis
1561 1375 1762 1412 diversum

255 1453 299 1479 se
331 1441 511 1490 praebet.
571 1440 721 1479 Verum
748 1452 900 1490 operae
931 1441 1103 1490 pretium
1131 1447 1192 1479 est
1224 1441 1536 1491 Aristophanem
1565 1442 1689 1491 adire,
1720 1447 1763 1478 ut

255 1519 375 1557 quam
404 1508 457 1545 ad
487 1518 669 1545 normam
695 1507 734 1544 in
775 1507 853 1545 ista
888 1519 932 1545 re
968 1508 1226 1557 scriptionem
1263 1508 1463 1553 direxerit,
1495 1514 1666 1547 eruatur.
1723 1507 1761 1544 Is

255 1574 375 1622 igitur
404 1575 444 1610 in
465 1573 891 1623 Thesmophoriazusis
911 1574 1073 1622 nullum,
1103 1575 1144 1611 in
1164 1574 1504 1624 Acharnensibus,
1534 1574 1762 1623 Equitibus,

254 1641 413 1691 Vespis,
444 1640 675 1690 Lysistrata‚
715 1639 827 1678 Pluto
858 1640 1028 1690 singula,
1064 1641 1105 1678 in
1134 1641 1421 1679 Ecclesiazusis
1462 1642 1546 1679 duo
1576 1641 1762 1691 exempla

254 1708 428 1757 admisit,
459 1719 562 1757 quae
591 1719 680 1745 cum
711 1707 992 1745 observatione
1021 1713 1160 1745 nostra
1189 1713 1437 1757 pugnarent3
1469 1709 1579 1758 quod
1599 1719 1695 1745 vero
1721 1708 1762 1744 in

256 1774 361 1812 Pace
392 1780 433 1812 et
464 1774 505 1812 in
533 1774 685 1812 Avibus
714 1774 837 1812 ternis
868 1774 966 1812 locis
997 1775 1176 1823 regulam
1205 1775 1377 1822 violavit,
1407 1774 1485 1812 hoc
1516 1786 1564 1812 ex
1594 1785 1763 1812 numero

261 1840 429 1877 forsitan
445 1840 648 1878 eximendi
670 1840 749 1878 sint
778 1841 861 1878 duo
891 1841 930 1885 ii,
960 1841 1028 1889 qui
1057 1841 1113 1877 ad
1142 1837 1188 1889 ἐς
1207 1840 1548 1890 praepositionem
1564 1841 1767 1890 pertinent

255 1907 306 1944 ab
344 1907 566 1943 editoribus
596 1907 795 1944 invectam
830 1904 943 1957 (Pae.
975 1909 1040 1946 81.
1077 1908 1149 1946 Av.
1184 1903 1318 1957 1209).
1385 1908 1543 1944 Eodem
1580 1914 1767 1956 spectant

254 1972 337 2009 duo
359 1972 563 2009 Ranarum
584 1968 657 2023 (Vs.
677 1973 770 2018 499,
788 1968 889 2023 562)
910 1978 951 2010 et
976 1973 1137 2010 unicum
1162 1972 1339 2011 Nubium
1368 1974 1572 2022 exemplar
1592 1986 1627 2013 v.
1647 1974 1765 2012 1190.

257 2038 381 2076 Porro
411 2050 462 2075 ex
491 2039 552 2088 iis,
583 2050 682 2098 quas
702 2039 945 2085 enumeravi,
975 2040 1278 2089 exceptionibus
1298 2052 1380 2077 non
1409 2041 1542 2078 nullae
1572 2041 1668 2077 inde
1696 2053 1767 2077 ex-

256 2111 446 2143 cusantur
474 2106 586 2155 quod
614 2106 854 2144 vocabulum
881 2111 976 2144 ante
1003 2118 1213 2145 caesuram
1234 2106 1477 2144 collocatum
1497 2108 1573 2144 etsi
1602 2107 1766 2156 longum

254 2185 336 2210 non
379 2179 451 2218 est,
499 2178 633 2210 tamen
681 2172 843 2210 fortiore
887 2175 1067 2222 quodam
1112 2185 1215 2211 sono
1253 2174 1521 2222 distinguitur,
1560 2175 1668 2212 velut
1705 2180 1766 2212 est

256 2239 332 2289 Eq.
363 2240 441 2278 206
472 2235 497 2278 ὁ
527 2235 694 2288 δράκων
725 2236 772 2278 δὲ
801 2237 911 2289 πρὸς
941 2236 1006 2288 τί;
1047 2239 1143 2279 Pac.
1176 2241 1256 2279 660
1285 2237 1310 2288 ἢ
1341 2236 1378 2279 δ’
1420 2236 1530 2280 ἀλλὰ
1568 2238 1677 2290 πρὸς
1706 2239 1764 2280 σὲ

257 2301 404 2355 μικρὸν
435 2301 593 2345 εἰπάτω
614 2302 758 2355 μ’ὁνον.
816 2305 940 2356 Vesp.
964 2307 1069 2346 1393
1085 2306 1149 2346 δεῖ
1177 2304 1245 2346 καὶ
1274 2304 1394 2356 δίκας
1420 2302 1427 2359 Ι
1453 2303 1564 2356 ἔχειν
1593 2305 1662 2347 διὰ
1690 2305 1766 2347 τὸν

389 2479 404 2505 1
427 2493 491 2526 pro
518 2481 570 2525 εἰς
595 2488 728 2527 semper
752 2482 790 2525 ἐς
814 2483 989 2525 substitui,
1015 2485 1075 2517 sed
1101 2484 1179 2517 vide
1202 2495 1236 2528 p.
1256 2483 1301 2519 15
1324 2485 1421 2518 infra.

386 2537 403 2562 ²
426 2541 470 2574 cf.
495 2545 609 2574 tamen
632 2551 666 2585 p.
693 2540 748 2576 14.

387 2595 403 2621 ⁸
427 2599 621 2633 coniectura
651 2599 829 2633 obtrusum
866 2600 982 2634 otest.
1008 2599 1095 2635 694:
1133 2603 1318 2645 σμικροῖσι
1350 2599 1416 2643 μὲν
1446 2599 1518 2643 γὰρ
1548 2599 1596 2634 τὰ
1625 2599 1766 2642 μεγάλα

256 2658 341 2699 πῶς
362 2657 441 2692 ἕλοι
465 2667 520 2699 τις
544 2657 590 2692 ἂν
611 2660 617 2701 Ι
637 2657 785 2693 πόνοισι
808 2657 906 2702 libri;
930 2657 1012 2691 hinc
1037 2658 1105 2701 μέν
1130 2658 1261 2691 delevit
1282 2659 1432 2700 Barnes3
1458 2658 1486 2690 si
1501 2657 1548 2692 τά
1568 2657 1766 2697 sustuleris,

258 2716 352 2759 quod
377 2716 519 2760 suadeo,
551 2720 585 2749 et
609 2717 813 2750 concinnior
836 2717 900 2750 erit
924 2717 1045 2757 oratio,
1082 2723 1116 2750 et
1141 2717 1328 2750 notandum
1354 2716 1421 2759 μὲν
1445 2716 1516 2760 γάρ
1541 2717 1577 2749 in
1602 2717 1667 2750 hac
1691 2717 1769 2760 ipsa

259 2785 379 2807 versus
404 2775 490 2807 sede
515 2775 701 2808 sescenties
726 2786 897 2808 occurrere
926 2774 990 2819 (τά
1016 2776 1157 2816 dittogr.
1183 2780 1321 2818 propter
1345 2774 1442 2819 γάρ).
1491 2776 1701 2819 Respondet
1727 2776 1769 2810 δέ

257 2832 295 2865 in
318 2842 421 2865 versu
446 2832 532 2868 698:
559 2832 592 2869 εἰ
616 2830 646 2867 δ’
674 2834 826 2878 ἡσύχως
848 2844 904 2876 τις
930 2838 987 2869 ctt.
