2047 3253
1009 150 1055 190 12

468 265 508 306 τί
537 263 646 316 δῆτά
673 277 743 316 μοι
772 267 849 316 ζῆν
878 265 978 318 ὴδύ;
1007 266 1118 318 πρὸς
1146 267 1186 308 τί
1214 266 1292 319 χρὴ
1323 266 1513 319 βλέπειν;

271 326 416 385 Neque
446 335 560 374 aliter
582 335 661 372 alio
691 335 878 374 eiusdem
908 335 1067 374 fabulae
1097 337 1189 375 loco
1217 342 1431 386 peceatum
1460 343 1524 375 est
1555 350 1587 376 v.
1621 337 1748 377 1063:

469 398 538 440 καὶ
566 400 650 440 σοῦ
680 411 730 448 γε
758 398 913 451 παιδὸς
941 398 1060 441 παιδὶ
1087 400 1319 453 πορσύνων
1350 399 1498 453 μόρον.

272 480 353 518 quo
380 468 469 507 loco
499 467 583 509 σοῦ
602 468 816 519 personale
846 468 897 506 sit
916 480 1087 507 necesse
1113 476 1189 508 est.
1248 469 1351 509 Nam
1370 475 1441 508 aut
1459 467 1541 518 σὸς
1569 470 1669 520 παῖς
1694 481 1789 510 παι·

272 531 351 585 δός
381 540 450 572 aut
489 533 591 585 παῖς
628 531 785 585 παιδὸς
820 532 949 576 σέθεν
985 535 1149 585 tragicis
1185 536 1226 574 in
1260 547 1333 575 usu
1365 535 1487 574 fuisse
1515 535 1630 586 primi
1659 535 1789 575 Elms-

272 598 410 651 leyus¹
439 607 483 640 et
512 601 741 640 Lobeckius
759 599 775 626 ¹
801 602 1079 642 observarunt.
1139 603 1274 651 Quam
1302 604 1354 642 ob
1381 615 1545 642 causam
1575 604 1733 654 corrigo

469 665 538 708 καί
563 665 646 708 σού
674 679 722 716 γε
752 666 909 719 παιδὸς
939 666 1058 709 παιδὶ
1086 667 1321 719 πορσύνων
1352 667 1499 721 μόρον,

272 747 405 786 neque
434 736 544 773 enim
573 735 616 774 id
646 736 777 786 agitur
818 742 951 774 utrum
983 735 1090 774 Pelei
1126 749 1180 774 an
1209 737 1371 775 alterius
1401 743 1591 787 nepotem
1621 737 1789 776 Orestes

271 801 552 840 interfecturus
591 802 643 840 sit
657 799 686 841 2.
761 802 948 840 Indidem
984 802 1123 841 nescio
1167 815 1220 841 an
1261 809 1443 853 praestet
1477 803 1631 843 Hecub.
1668 817 1704 842 v.
1739 806 1790 844 10

273 869 470 907 scribere:

326 933 465 975 πολὺν
495 933 543 975 δὲ
573 932 673 975 σύν
705 946 798 984 μοι
827 932 928 987 (σὺν
956 933 1049 986 ἐμοὶ
1080 933 1134 986 ll.)
1164 934 1329 986 χρυσὸν
1357 934 1558 987 ἐκπέμπει
1587 933 1734 990 λάθρᾳ,

272 1003 382 1052 quod
417 1002 450 1040 si
484 1008 594 1040 recte
630 1002 832 1052 proposui,
870 1003 1191 1052 monosyllabum
1229 1003 1350 1041 breve
1387 1005 1428 1044 in
1467 1005 1636 1043 secundi
1672 1005 1791 1054 pedis

273 1070 500 1108 elevatione
519 1067 535 1094 ³
576 1069 818 1107 collocatum
856 1070 980 1108 altero
1017 1081 1149 1120 eoque
1184 1071 1307 1121 longo
1344 1071 1551 1120 excipitur.
1609 1070 1701 1109 Hoc
1739 1083 1789 1109 eo

275 1137 534 1175 referendum
566 1137 680 1186 quod
707 1137 874 1174 omnino
903 1137 936 1174 si
957 1144 1052 1175 ante
1072 1149 1278 1175 caesuram
1299 1137 1641 1186 penthemimeren
1671 1150 1791 1177 voca·

275 1204 410 1246 bulum
451 1204 569 1241 unius
605 1203 781 1253 syllabae
828 1203 980 1240 ambitu
1016 1203 1212 1248 inseritur,
1258 1204 1302 1240 id
1343 1204 1509 1253 longum
1546 1216 1635 1242 esse
1675 1205 1788 1250 solet,

198 1270 203 1275 '
274 1281 498 1319 numquam
529 1275 667 1307 tamen
698 1269 859 1319 saepius
890 1281 1011 1318 quam
1031 1269 1142 1307 brevi
1172 1270 1449 1319 monosyllabo
1478 1272 1772 1320 praecedente:

332 1359 517 1409 Aeschyl.
535 1359 642 1399 Pers.
664 1356 772 1399 2004
801 1356 870 1398 καὶ
898 1357 1031 1398 ταῦτα
1058 1356 1145 1408 μὲν
1175 1356 1236 1408 δὴ
1267 1357 1421 1408 νυκτὸς
1456 1355 1630 1400 εἰσιδεῖν
1659 1357 1790 1408 λέγω’

537 1426 645 1475 Sept.
665 1426 743 1464 605
801 1423 987 1474 γέροντα
1002 1436 1026 1463 τ
1037 1422 1094 1464 ὸν
1117 1425 1253 1474 νοῦν,
1269 1421 1409 1474 σάρκα
1425 1423 1461 1465 δ’
1485 1423 1661 1475 ἡβῶσαν
1678 1423 1789 1476 φύει.

416 1491 539 1543 Soph.
571 1492 632 1531 Αἰ.
665 1493 744 1531 786
802 1491 916 1541 ξυρεῑ
937 1490 1020 1541 γὰρ
1051 1489 1107 1532 ἐν
1138 1492 1242 1544 χρῷ
1271 1491 1399 1531 τοῦτο
1421 1489 1474 1541 μὴ
1497 1490 1657 1542 χαίρειν
1683 1490 1788 1533 τινά.

498 1559 634 1607 Antig.
665 1560 745 1598 896
804 1555 965 1607 κάτειμι
994 1556 1118 1608 πρίν
1148 1568 1230 1607 μοι
1260 1557 1411 1607 μοῖραν
1440 1556 1603 1607 ἐξήκειν
1632 1556 1737 1608 βίου.

401 1624 537 1675 Eurip.
569 1624 629 1663 El.
659 1626 738 1664 230
796 1624 858 1677 Ζῇ·
878 1624 1028 1674 πρῶτα
1050 1621 1145 1674 γάρ
1162 1631 1246 1664 σοι
1266 1619 1413 1672 τάγάθ’
1430 1620 1650 1673 ἀγγέλλειν
1664 1622 1787 1665 θέλω.

483 1691 642 1730 Heracl.
662 1694 742 1731 966
801 1689 881 1741 οὐχ
911 1688 1042 1731 ὅντιν’
1071 1688 1135 1731 ἄν
1164 1702 1222 1739 γε
1252 1688 1374 1754 ζῷνθ’
1403 1688 1557 1731 ἕλωσιν
1584 1689 1632 1731 ἐν
1659 1688 1786 1744 μάχῃ.

500 1758 608 1798 Med.
634 1761 737 1799 1141
797 1759 916 1800 κυνεῖ
940 1759 976 1799 δ’
996 1757 1020 1799 ὃ
1042 1756 1132 1809 μέν
1151 1769 1227 1808 τις
1249 1754 1364 1810 χεῖρ’,
1380 1756 1404 1799 ὁ
1425 1757 1472 1799 δὲ
1488 1757 1645 1799 ξανθὸν
1665 1755 1787 1810 κάρα.

272 1848 403 1885 Huius
433 1854 571 1885 autem
600 1860 695 1886 usus
727 1849 1007 1886 tenacissimus
1047 1854 1108 1886 est
1141 1848 1376 1897 Aeschylus,
1408 1848 1598 1898 quoniam
1627 1848 1667 1885 in
1696 1860 1787 1897 sep·

274 1921 356 1951 tem
387 1915 604 1965 tragoediis
625 1915 776 1964 septies
806 1921 963 1953 tantum
984 1914 1308 1964 monosyllabum
1339 1915 1460 1951 breve
1489 1915 1665 1960 admisit,
1695 1927 1788 1952 nus·

271 1991 392 2029 quam
421 1981 462 2017 in
494 1980 636 2026 Persis,
663 1981 724 2018 bis
750 1981 790 2018 in
811 1981 1078 2031 Supplicibus,
1110 1980 1274 2030 singulis
1304 1980 1402 2017 locis
1431 1979 1472 2018 in
1502 1980 1610 2030 Sept.
1641 1981 1785 2029 Agam.

270 2046 456 2097 Choeph.
479 2047 648 2087 Eumen.
671 2048 815 2098 Prom.,
848 2048 880 2086 si
913 2048 1089 2097 quidem,
1120 2048 1232 2097 quod
1252 2058 1337 2085 non
1366 2047 1523 2091 dubito,
1555 2047 1684 2086 Prom.
1709 2048 1788 2086 973

272 2113 529 2152 scribendum
560 2121 640 2155 est:
670 2111 696 2164 ἦ
728 2111 833 2165 κάμὲ
862 2111 945 2165 γάρ
973 2126 1011 2155 τι
1041 2113 1264 2165 ξυμφορᾶς
1294 2108 1448 2165 (συμφ-
1480 2111 1540 2163 Μ)
1571 2111 1757 2166 ἐπαιτιᾷ;

402 2181 691 2232 Neglegentior
710 2182 948 2233 Sophocles3
980 2189 1162 2221 attamen
1192 2182 1236 2220 id
1256 2181 1398 2220 mirum
1418 2187 1481 2219 est
1500 2182 1613 2230 quod
1633 2182 1674 2219 in
1695 2181 1788 2219 Phi-

271 2248 433 2293 loctete‚
473 2249 586 2287 cuius
630 2261 818 2288 numeros
859 2236 1066 2298 ceteroqui
1104 2249 1276 2287 laxiores
1314 2259 1404 2286 esse
1448 2249 1622 2298 constat,
1658 2249 1788 2297 legem

271 2326 412 2365 quam·
431 2316 555 2354 statui
593 2316 731 2365 viginti
766 2316 863 2355 locis
899 2322 1064 2354 secutus
1102 2316 1226 2354 semel
1259 2314 1453 2364 migravit.
1517 2313 1652 2352 Simile
1689 2314 1788 2364 quid

272 2381 456 2431 Euripidi
485 2388 626 2420 nostro
653 2383 853 2421 accidisse
881 2383 1018 2421 statim
1047 2383 1285 2421 videbimus.
1344 2381 1383 2419 ls
1413 2381 1520 2418 enim
1539 2393 1630 2419 cum
1659 2381 1701 2418 in
1731 2380 1789 2418 fa-

271 2446 374 2485 bulis
405 2448 697 2498 antiquioribus
726 2449 888 2488 minime
927 2461 1111 2488 severum
1149 2449 1190 2487 in
1218 2449 1286 2487 illa
1304 2451 1359 2486 're
1389 2460 1479 2487 sese
1507 2447 1786 2499 praestitisset,

403 2650 418 2676 ¹
442 2652 570 2687 Bacch.
587 2664 637 2687 vs.
655 2652 756 2688 1326.
778 2671 822 2678 —
847 2654 884 2686 in
914 2653 1069 2686 editione
1095 2653 1217 2686 Aiacis
1242 2663 1278 2697 p.
1291 2651 1335 2686 61
1363 2656 1435 2685 not.

402 2709 419 2734 ²
443 2712 531 2745 Cave
555 2712 657 2745 etiam
680 2723 724 2746 ne
748 2713 785 2745 in
808 2712 851 2755 γέ
876 2712 1030 2746 haereas.
1080 2713 1178 2755 Quae
1207 2710 1371 2755 particula
1402 2710 1619 2744 adfirmativa
1649 2715 1713 2756 est,
1751 2715 1789 2744 ut

271 2772 338 2804 sere
364 2771 401 2804 in
427 2771 728 2815 responsionibus,
753 2782 825 2804 non
850 2772 894 2804 ad
921 2774 991 2806 σοῦ
1018 2771 1295 2813 exaggerandum
1319 2769 1463 2817 adscita.

402 2826 417 2851 ³
442 2829 674 2863 elevationem
700 2829 790 2874 dico,
815 2840 921 2873 quam
946 2830 1058 2863 nostri
1082 2829 1220 2862 metrici
1244 2828 1337 2862 arsin
1361 2832 1494 2863 vocant.

403 2885 419 2910 ⁴
443 2887 644 2923 Kirchhoffi
670 2888 813 2924 numeri.
