2047 3253
1021 187 1044 222 8

273 313 546 346 taemnestrae
576 308 748 346 caedem
777 312 1061 357 perpetrasset,
1091 318 1183 345 cum
1209 306 1256 344 iis
1286 317 1329 343 se
1351 306 1483 355 ipsum
1503 316 1665 355 quoque
1687 316 1792 343 mor·

272 379 357 413 tem
386 374 519 413 subire
549 374 661 413 haud
689 379 961 423 gravaturum.
1022 373 1183 412 Deinde
1212 372 1342 424 pergit
1370 384 1425 412 vs.
1459 373 1586 412 1093:

672 437 711 478 τί
738 437 823 488 γὰρ
852 437 937 489 ἐρῶ
966 437 1099 480 καλόν
1128 450 1245 488 ποτε,

471 507 552 555 γῆν
580 502 765 556 Δελφίδ’
797 502 936 546 ἐλθὼν
966 502 1155 546 Φωκέων
1184 502 1454 557 ἀκρόπτολιν,

471 570 523 622 ὃς
552 570 650 622 πρὶν
679 570 754 621 μὲν
783 569 895 622 ὑμᾶς
926 572 1154 621 δυστυχεῖν
1184 570 1312 623 φίλος
1340 573 1454 622 παρῆ

470 638 547 680 νῦν
575 634 613 680 δ’
644 636 782 680 οὐκέτ’
815 635 894 688 εἰμὶ
920 636 1203 689 δυστυχοῦντί
1231 647 1303 680 σοι
1333 636 1479 690 φίλος;

473 703 552 747 οὐκ
580 703 720 746 ἔστιν·
752 703 862 746 ἀλλὰ
890 704 1024 745 ταῦτα
1053 704 1131 756 μὲν
1160 703 1286 756 κάμοὶ
1316 704 1440 756 μέλει.

273 772 337 810 De
367 773 507 810 ultimo
538 784 652 811 versu
685 773 797 822 quod
827 772 1027 810 dubitatio
1058 773 1236 810 animum
1269 773 1400 818 subiit,
1439 773 1643 811 neminem
1673 785 1791 822 spero

273 838 509 876 miraturum
538 849 650 884 esse;
681 839 757 876 sed
777 844 959 888 praestat
979 838 1074 876 nihil
1092 844 1260 878 mutare.
1321 839 1482 877 Etenim
1502 839 1563 876 vel
1585 839 1618 877 si
1639 838 1788 883 omnia,

274 917 380 955 quae
409 905 608 952 novimus,
638 906 825 955 exempla
854 906 1086 956 asyndeton
1107 905 1357 952 exhiberent,
1387 907 1568 957 potuisse
1589 919 1614 944 a
1635 906 1790 956 tragico

277 969 388 1012 ἀλλά
407 972 645 1022 particulam
665 978 890 1023 praeeunte
912 969 990 1012 οὐκ
1009 969 1128 1013 ἔστιν
1149 974 1332 1023 usurpari
1362 973 1461 1012 fatui
1490 979 1600 1012 esset
1628 984 1791 1022 negare,

274 1039 465 1089 quoniam
505 1039 600 1077 boni
637 1040 853 1090 scriptores
892 1039 948 1077 ita
988 1040 1110 1077 locuti
1146 1036 1292 1085 sunt¹;
1338 1040 1473 1078 eidem
1510 1052 1606 1078 vero
1643 1045 1790 1088 poetae

276 1117 506 1144 sermonem
537 1105 647 1144 nulla
677 1105 823 1156 copula
852 1106 1008 1144 adscita
1031 1105 1268 1144 continuare
1287 1105 1415 1144 multo
1439 1106 1567 1156 magis
1593 1106 1792 1156 placuisse

274 1172 461 1222 exempla
490 1184 612 1222 supra
640 1174 777 1210 adlata
806 1174 970 1212 docent.
1035 1171 1249 1211 Praeterea
1284 1172 1690 1211 animadvertendum
1725 1172 1791 1210 illa

275 1239 434 1290 Pyladis
462 1240 585 1278 verba
616 1240 656 1278 in
684 1240 820 1279 media
849 1240 1032 1279 oratione
1064 1240 1246 1290 longiore
1277 1245 1448 1291 exstare,
1491 1239 1692 1289 aliamque
1730 1251 1791 1276 ra-

275 1307 427 1345 tionem
457 1307 658 1346 observari
688 1307 728 1345 in
758 1307 1053 1357 stichomythia‚
1083 1307 1151 1345 ubi
1180 1307 1420 1345 brevitatem
1445 1307 1631 1345 consulto
1652 1306 1791 1356 quaeri

275 1378 598 1412 consentaneum
628 1379 701 1412 est.
761 1373 898 1422 Quare
928 1386 1092 1413 causam
1121 1385 1202 1412 non
1233 1373 1353 1412 video
1383 1386 1452 1411 cur
1482 1385 1614 1411 meum
1642 1374 1695 1411 de
1725 1374 1791 1411 Al-

275 1445 375 1480 cest.
411 1439 591 1478 versibus
629 1440 821 1478 iudicium
860 1446 1026 1480 mutem.
1098 1439 1215 1489 Quos
1255 1440 1387 1478 eiecto
1429 1451 1544 1479 versu
1587 1441 1693 1479 1125
1735 1439 1792 1478 sic

275 1507 446 1556 scriptos
476 1519 682 1556 propono:

351 1570 443 1612 ΑΔ.
475 1569 511 1612 ὦ
541 1570 643 1623 θεοί,
673 1571 712 1613 τί
742 1571 872 1622 λέξω;
902 1570 1026 1622 θαῦμ’
1059 1570 1318 1614 ἀνέλπιστον
1347 1569 1458 1613 τόδε.

472 1639 653 1686 γυναῖκα
683 1637 856 1680 λεύσσω
886 1637 1002 1689 τήνδ’
1033 1637 1138 1688 ἐμὴν
1167 1636 1404 1689 ἐτητύμως;

364 1702 444 1745 ΗΡ.
474 1702 554 1745 οὔκ
583 1703 702 1747 ἑστιν
733 1702 860 1756 ἄλλη·
889 1702 1003 1757 τήνδ’
1033 1703 1140 1759 ὁρᾷς
1169 1702 1362 1756 δάμαρτα
1392 1703 1486 1756 σήν.

275 1773 333 1811 ita
369 1779 413 1811 ut
447 1773 556 1811 idem
591 1775 868 1824 respondendi
902 1786 1030 1823 genus
1067 1773 1160 1812 huic
1197 1774 1287 1812 loco
1319 1773 1529 1821 vindicem,
1576 1775 1688 1825 quod
1718 1786 1791 1823 ap-

274 1847 393 1891 paret
421 1841 506 1880 Ion.
538 1843 639 1881 538:
701 1838 797 1882 ΙΩΝ.
837 1842 984 1892 πρῶτα
1021 1839 1111 1891 δῆτ’
1149 1839 1240 1892 ἐμοὶ
1276 1837 1500 1891 ξυνάπτεις
1536 1839 1651 1882 πόδα
1687 1839 1793 1889 σόν;

274 1905 401 1948 ΞΟΥ.
446 1905 525 1948 οὐκ
554 1905 683 1960 ἄλλῳ,
727 1907 879 1949 τέκνον
894 1907 923 1947 ².
999 1909 1133 1959 Pergit
1173 1915 1310 1947 autem
1347 1908 1546 1947 Admetus
1587 1909 1793 1948 dubitare:

275 1971 357 2024 ὅρα
387 1985 435 2022 γε
464 1973 519 2025 μή
548 1986 587 2015 τι
615 1971 768 2025 φάσμα
796 1973 1008 2025 νερτέρων
1035 1972 1125 2016 τόδ’
1151 1974 1197 2028 ᾖ·
1229 1988 1278 2014 ac
1298 1975 1360 2012 vel
1381 1975 1477 2013 inde
1497 1975 1677 2026 ineptum
1699 1988 1791 2014 esse

276 2053 434 2079 versum
467 2043 573 2082 1125
603 2042 769 2092 colligas
803 2049 846 2081 ut
876 2043 943 2093 qui
973 2042 1122 2081 iustum
1153 2041 1440 2081 sententiarum
1478 2042 1664 2081 ordinem
1703 2054 1795 2093 per-

277 2107 423 2148 turbet.

820 2225 1015 2265 Androm.
1046 2238 1099 2265 vs.
1130 2227 1183 2265 64
1199 2238 1259 2277 sq.

276 2308 418 2346 nuntio
448 2309 588 2347 adlato
619 2308 853 2347 Menelaum
880 2316 924 2346 et
952 2308 1216 2347 Hermionam
1244 2309 1288 2346 id
1318 2320 1453 2358 agere,
1487 2316 1531 2347 ut
1559 2309 1679 2347 filium
1710 2311 1793 2348 An·

275 2374 524 2414 dromachae
554 2375 807 2425 interficiant,
837 2376 978 2413 mulier
1005 2387 1187 2414 maerore
1216 2375 1362 2413 obruta
1391 2376 1609 2415 exclamat:

408 2560 422 2586 ¹
447 2562 557 2606 Soph.
583 2562 637 2596 El.
663 2561 744 2597 448.
776 2563 896 2605 Antig.
922 2562 1002 2598 279.
1035 2563 1161 2597 Trach.
1189 2562 1268 2598 709.
1301 2563 1548 2607 Aristophanis
1573 2564 1663 2598 Ach.
1691 2562 1793 2598 1032.

276 2623 386 2657 Mein.

408 2678 424 2704 Β
448 2680 557 2725 Soph.
583 2682 626 2716 Ο.
653 2682 690 2715 C.
718 2681 806 2716 319:
833 2680 902 2716 οὐκ
927 2680 1028 2716 ἔστιν
1052 2680 1161 2724 ἄλλη·
1192 2679 1333 2725 φαιδρὰ
1356 2683 1450 2723 γοῦν
1475 2680 1538 2716 ἀπ’
1565 2679 1742 2724 ὀμμάτων

840 2738 957 2774 σαίνει
982 2749 1026 2781 με
1051 2738 1364 2783 προσστείχουσα,

275 2797 435 2829 Ceterum
448 2797 576 2831 Troad.
596 2797 704 2832 1331:
733 2796 778 2832 ἰὼ
802 2796 958 2832 τάλαινα
985 2797 1141 2840 πόλις·
1168 2796 1294 2840 ὅμως
1318 2796 1359 2832 δὲ
1382 2797 1387 2840 Ι
1409 2797 1577 2842 πρόφερε
1602 2795 1700 2832 πόδα
1724 2797 1794 2832 σὸν

276 2855 337 2890 ἐπὶ
361 2854 504 2897 πλάτας
524 2851 699 2900 Ἀχαιῶν,
726 2861 785 2889 aut
809 2866 924 2890 verum
949 2862 1016 2891 est:
1051 2856 1095 2891 ἰὼ
1121 2855 1294 2892 τάλαινα·
1322 2856 1476 2901 μόλις,
1501 2856 1627 2899 ὅμως
1651 2856 1692 2890 δὲ
1717 2860 1791 2894 etc„

276 2918 333 2947 aut
358 2913 444 2957 quid
470 2913 573 2957 ὅμως
597 2914 665 2947 sibi
690 2914 782 2959 velit,
808 2925 880 2948 non
905 2914 1086 2957 intellego.
