2047 3253
1015 147 1037 182 ‘1

267 262 388 301 Unde
423 269 594 312 apparet
621 263 856 312 Euripidem
893 268 989 311 post
1023 259 1100 300 οὐκ
1133 259 1251 301 ἔστιν
1287 262 1488 311 asyndeta
1516 263 1781 310 quaesivisse,

266 335 377 368 certe
405 329 623 379 particulas
652 328 929 366 adversativas
951 327 1142 377 evitasse.
1201 327 1286 366 Nec
1315 328 1453 366 obstat
1482 328 1648 378 Hippoi.
1672 330 1752 368 893

462 392 540 436 οὐκ
569 385 678 436 ἔστι·
709 391 778 435 καὶ
806 391 916 444 πρός
945 389 983 442 γ’
1015 392 1147 434 ἐξελῶ
1177 401 1265 443 σφε
1294 394 1426 444 τῆσδε
1455 396 1548 445 γῆς,

267 463 460 513 quoniam
488 458 662 509 καί-γέ
692 460 803 498 haud
830 461 887 498 ita
923 462 979 498 ad
1015 473 1172 499 conexa
1209 462 1337 510 magis
1371 462 1613 511 copulanda,
1660 474 1783 511 quam

265 531 320 567 ad
362 526 471 579 πρός
516 528 658 567 fortius
706 527 960 577 urguendum
1005 527 1206 565 adscitum
1251 528 1418 567 videtur.
1493 529 1617 566 Plena
1650 529 1781 566 oratio

266 596 444 634 debebat
480 602 574 634 esse·
604 593 729 633 haec:
773 590 851 633 οὐκ
887 590 1019 643 ἔστιν,
1062 589 1171 633 ἀλλὰ
1207 591 1276 632 καὶ
1309 592 1417 644 πρὸς
1457 591 1495 641 γ’
1526 592 1656 635 ἐξελῶ
1694 601 1782 644 σφε

265 662 396 709 τῆσδε
426 662 518 710 γῆς.

400 727 541 766 Paullo
572 726 732 764 diversa
760 737 825 763 res
853 732 914 764 est
943 726 983 763 in
1013 726 1206 773 diverbio,
1253 727 1366 776 quod
1403 732 1536 763 exstat
1564 727 1712 766 Electr.
1746 739 1780 764 v.

269 795 374 834 1058
396 806 468 844 sq.‚
496 805 616 843 quem
647 792 780 830 locum
809 797 939 830 totum
968 792 1190 832 exhibebo:

349 857 428 901 ΗΛ.
459 857 543 909 ἄρα
571 856 776 908 κλύουσα,
805 859 953 910 μῆτερ,·
978 855 1051 899 εἶτ’
1083 855 1217 908 ἔρξεις
1248 859 1407 908 κακῶς

355 924 430 966 ΚΛ.
460 923 679 978 obsecra·
710 926 760 978 τῇ
791 926 848 977 σῇ
878 923 916 965 δ’
946 923 1026 974 ἡδὺ
1055 922 1294 974 προσθήσω
1323 923 1459 974 φρενί.

351 989 431 1032 ΗΛ.
461 988 619 1041 λέγοιμ’
649 988 722 1032 ἄν·
752 988 859 1042 ἀρχὴ
890 987 927 1031 δ’
957 988 1034 1040 ἥδε
1063 1002 1132 1040 μοι
1160 988 1400 1040 προοιμίου.

267 1061 400 1097 Primo
430 1071 546 1097 versu
576 1059 716 1114 vitium
746 1059 885 1096 haeret
914 1059 1092 1109 plurimis
1121 1059 1363 1097 coniecturis
1393 1064 1657 1109 temptatum3
1686 1070 1781 1096 nam

265 1125 314 1166 κλ
345 1137 547 1165 consonas
576 1125 821 1177 positionem
848 1138 931 1164 non
961 1125 1123 1164 efficere
1145 1126 1369 1178 Elmsleyus
1396 1127 1710 1176 demonstravit3
1741 1127 1783 1163 in

264 1194 391 1231 altero
427 1204 539 1230 versu
577 1194 689 1242 quod
726 1191 773 1232 δέ
808 1199 904 1242 post
940 1190 1019 1232 οὐκ
1056 1189 1173 1232 ἔστιν
1213 1199 1448 1242 usurpatum
1492 1193 1660 1237 invenis,
1701 1193 1781 1230 alia

262 1259 450 1308 exempla
479 1258 624 1297 frustra
659 1259 958 1309 circumspicies
988 1270 1121 1308 neque
1156 1259 1198 1297 id
1234 1260 1390 1310 mirum,
1434 1259 1530 1309 quia
1568 1257 1615 1299 δέ
1655 1260 1779 1309 parti-

262 1326 380 1372 culae
414 1336 510 1362 usus
551 1325 602 1361 ab
640 1325 899 1374 oppositione
938 1331 1019 1362 tam
1058 1325 1286 1362 vehementi
1326 1325 1481 1362 alienus
1518 1325 1693 1375 videtur3
1737 1326 1779 1362 in

263 1392 379 1430 tertio
409 1391 585 1441 denique
615 1392 722 1429 mala
751 1404 848 1430 crux
896 1391 986 1429 viris
1021 1392 1153 1430 doctis
1188 1392 1343 1430 exstitit
1369 1387 1601 1430 ‘exordium
1631 1405 1778 1443 prooe-

262 1454 390 1497 mii’l.
451 1457 593 1506 Neque
622 1469 736 1503 vero,
782 1463 825 1494 ut
863 1458 997 1495 dicam
1031 1458 1128 1507 quid
1166 1458 1351 1503 sentiam,
1382 1464 1476 1494 >tres
1510 1458 1610 1495 istos
1641 1471 1776 1496 versus

263 1526 314 1564 ab
345 1525 537 1574 Euripide
567 1525 801 1563 abiudicare
834 1525 989 1569 dubito,
1029 1525 1263 1574 praesertim
1295 1537 1383 1562 cum
1420 1524 1515 1561 nihil
1555 1525 1648 1562 novi
1684 1537 1775 1562 sen-

262 1592 415 1629 tentiae
445 1588 646 1630 addant2.
705 1590 821 1628 Haec
849 1591 957 1628 enim
984 1592 1254 1640 praecedunt:

245 1656 249 1660 ’
348 1655 427 1698 ΗΛ.
459 1655 662 1707 μέμνησο,
695 1657 836 1707 μῆτερ,
867 1655 943 1707 οὓς
973 1655 1122 1707 ἔλεξας
1153 1655 1367 1706 ὑστάτους

460 1722 631 1774 λόγους,
662 1723 842 1763 διδοῦσα
870 1720 981 1772 πρός
1011 1721 1063 1762 σέ
1093 1735 1162 1771 μοι
1190 1721 1444 1772 παρῤησίαν.

355 1786 434 1830 ΚΛ.
465 1787 534 1829 καὶ
562 1789 640 1830 νῦν
669 1786 718 1837 γέ
747 1800 854 1839 φημι
883 1787 986 1830 κούκ
1015 1786 1294 1839 ἀπαρνοῦμαι,
1324 1787 1485 1830 τέκνον.

262 1857 403 1906 Itaque
427 1856 512 1893 sine
542 1867 656 1893 mora
684 1866 851 1906 pergere
881 1861 1042 1904 poterat
1071 1855 1254 1894 Electra:

460 1919 534 1963 εἷθ’
566 1918 688 1972 εἶχες,
718 1918 753 1961 ὦ
782 1921 982 1967 τεκοῦσα,
1013 1920 1206 1973 βελτίους
1235 1921 1401 1973 φρένας
1430 1929 1509 1963 etc.

265 1990 520 2040 Quamquam
549 1989 633 2028 scio
667 1989 753 2027 fore
783 1990 851 2038 qui
890 2001 973 2027 non
1007 1990 1180 2027 libenter
1209 1990 1306 2039 eripi
1342 1991 1417 2028 sibi
1447 1991 1653 2040 patiantur
1681 1991 1779 2028 illud

263 2058 313 2109 τῇ
350 2058 406 2109 σῇ
444 2056 480 2097 δ’
509 2053 589 2105 ἡδὺ
625 2053 862 2106 προσθήσω
902 2054 1039 2106 φρενί,
1087 2069 1167 2107 qua
1212 2058 1494 2095 adfirmatione
1533 2057 1779 2108 Euripideae

264 2123 605 2173 Clytaemnestrae
626 2106 758 2161 mores
779 2122 944 2172 egregie
973 2123 1139 2173 depingi
1161 2120 1440 2163 autumabunt.
1497 2123 1599 2162 Cum
1630 2124 1776 2173 quibus

263 2191 303 2227 in
334 2202 493 2228 cassum
525 2202 708 2239 pugnare
737 2190 853 2236 nolo;
899 2190 1015 2227 velim
1044 2191 1169 2227 modo
1199 2196 1405 2239 reputetur
1435 2190 1566 2228 foedis
1601 2191 1661 2228 his
1692 2203 1780 2228 ver-

263 2256 372 2294 sibus
402 2256 599 2306 exemptis
636 2261 699 2294 sat
735 2256 883 2294 multos
919 2256 1101 2307 relinqui,
1152 2257 1296 2306 quibus
1326 2257 1435 2295 idem
1469 2256 1677 2308 praeclare
1706 2269 1778 2307 ap-

263 2329 415 2372 pareat.
702 2331 725 2343 “

396 2390 541 2428 Restat
578 2397 623 2428 ut
663 2390 928 2428 diiudicemus
972 2401 1127 2428 versum
1165 2389 1300 2428 Orest.
1335 2389 1451 2429 1097.
1517 2389 1652 2427 Verba
1687 2395 1778 2427 sunt

265 2455 441 2505 Pyladis,
485 2456 552 2505 qui
582 2457 766 2494 oratione
795 2457 1016 2506 praemissa
1045 2456 1130 2493 fieri
1158 2468 1380 2506 numquam
1417 2468 1537 2506 posse
1565 2456 1777 2505 praedica—

265 2527 388 2567 verat,
433 2528 477 2560 ut
515 2522 688 2561 amicum
725 2523 892 2573 eiusque
929 2534 1108 2561 sororem
1144 2523 1346 2572 proderet.
1406 2522 1655 2570 Quibuscum
1685 2521 1777 2570 Cly-

397 2694 409 2720 Ῑ
435 2699 594 2731 Ceterum
619 2699 801 2742 persimilis
827 2704 880 2732 est
905 2711 1022 2732 versus
1046 2699 1160 2743 Iphig.
1186 2702 1288 2733 Taur.
1314 2699 1399 2734 939:

530 2756 668 2799 λέγοιμ’
695 2756 756 2791 ἄν·
781 2757 890 2801 ἀρχαὶ
915 2756 947 2792 δ’
974 2757 1055 2793 αἵδε
1080 2768 1140 2801 μοι
1165 2759 1315 2793 πολλῶν
1338 2757 1478 2801 πόνων,

265 2823 369 2855 quem
394 2813 538 2847 forsitan
563 2815 600 2847 in
624 2826 725 2848 usum
751 2827 850 2849 suum
875 2816 1118 2860 interpolator,
1144 2817 1172 2849 si
1197 2817 1335 2859 quidem
1361 2816 1436 2855 suit,
1460 2817 1673 2850 converterit.

395 2867 412 2892 ²
436 2871 516 2904 vide
541 2872 733 2908 Wilamov.
759 2873 935 2907 Herakles
960 2875 978 2907 1
1002 2885 1036 2919 p.
1062 2873 1131 2909 218
1155 2876 1244 2916 (cum
1269 2874 1387 2907 adnot.
1415 2872 1508 2917 197).
