2047 3253
974 122 1018 161 15

233 240 281 296 ἐς
308 244 553 295 γῆνιᾳιιοά
579 243 807 295 exemplum
846 242 997 281 rectius
1024 242 1223 281 abicerem
1241 238 1269 294 1,
1306 242 1484 293 denique
1526 242 1750 295 Aeschylus

233 317 296 350 ter
319 324 345 350 a
362 308 417 351 τά
436 311 755 349 demonstrativo
775 320 935 357 versum
954 309 1105 360 incepit
1125 310 1270 358 Agam,
1299 310 1395 355 530,
1417 311 1510 349 794.
1569 309 1752 360 Cboeph.

235 379 335 426 27ος
365 378 441 416 sed
468 378 516 416 iis
542 377 727 416 omuibus
757 377 869 416 unde
913 376 1094 427 petenda
1134 376 1184 414 sit
1221 377 1338 414 venia
1366 388 1487 415 nemo
1528 388 1609 415 non
1640 377 1753 416 facile

233 445 451 493 intelleget..
516 444 704 494 Sequitur
731 449 791 481 -ut
826 444 912 481 eius
948 455 1069 492 quam
1106 443 1344 481 rarissimam
1384 444 1561 493 speciem
1596 445 1751 488 vocavi,

235 511 423 561 exempla
451 521 700 562 proponam:

286 594 416 646 Soph.
433 593 484 632 Ο.
500 593 550 634 R.
567 594 652 633 282
693 590 747 633 τὰ
775 588 938 643 δεύτερ’
969 591 1023 633 ἑκ
1053 589 1199 632 τῶνδ’
1230 590 1294 633 ἂν
1322 591 1482 643 λέγοιμ’
1514 615 1562 621 -

542 662 647 699 1116
695 656 900 710 προῦχοις
927 656 1019 709 τάχ’
1049 655 1109 699 ἄν
1137 670 1256 711 που,
1281 657 1371 700 τὸν
1401 657 1545 710 βοτῆρ’
1567 681 1616 688 —-

543 728 648 766 1492
697 722 790 766 ἀλλ’
816 722 920 776 ἡνίκ’
952 723 1015 766 ἂν
1041 723 1101 774 δὴ
1133 723 1270 776 πρὸς
1296 724 1443 776 γάμων
1471 748 1527 754 -

292 795 383 834 Eur.
415 794 525 834 Med.
562 795 646 833 500
692 792 884 833 δοκοῦσα
914 790 1005 842 μὲν
1033 789 1080 831 τί
1112 790 1246 841 πρὸς
1274 803 1322 840 γε
1352 792 1435 832 σοῦ
1464 791 1638 844 πράξειν
1671 815 1721 821 -

398 862 535 912 Suppl.
566 863 646 901 469
696 857 732 900 εἰ
757 856 795 900 δ’
825 856 942 899 ἔστιν
978 857 1036 900 ἐν
1070 860 1146 911 γῇ,
1173 858 1291 909 πρὶν
1319 861 1421 901 θεοῦ
1451 861 1574 901 δῦναι
1603 860 1752 911 σέλας.

569 928 647 967 517
696 924 766 967 καὶ
780 926 928 976 πρῶτα
948 923 1040 975 μέν
1061 933 1119 965 σε
1138 923 1266 976 πρὸς
1287 925 1340 966 τὰ
1358 926 1488 977 πρῶτ’
1507 924 1750 978 ἀμείψομαι.

293 991 492 1045 [Soph.O.
506 994 554 1034 R.
568 996 648 1033 700
695 991 804 1044 ἐρῶ·
834 991 894 1033 σὲ
922 990 1017 1042 γὰρ
1046 990 1195 1032 τῶνδ’
1226 990 1281 1042 ἐς
1309 991 1440 1034 πλέον
1469 991 1605 1046 σέβω]

283 1058 394 1111 [Eur.
424 1061 511 1101 Alc.
545 1061 646 1100 1101
697 1059 843 1100 πιθοῦ·
873 1055 964 1109 τάχ’
997 1056 1059 1099 ἂν
1087 1057 1186 1109 γὰρ
1215 1056 1268 1109 ἐς
1298 1057 1398 1100 δέον
1416 1058 1553 1101 ,πέσοι
1582 1058 1721 1112 χάρις]

368 1124 541 1179 [Phoen.
567 1129 643 1167 981
696 1123 890 1167 Αἰτωλίδ’
911 1124 963 1174 ἐς
994 1126 1099 1174 γῆν.
1130 1146 1169 1152 -—
1205 1123 1261 1165 ἐκ
1283 1124 1332 1166 δὲ
1350 1127 1484 1175 τῆσδε
1502 1127 1577 1167 ποῖ
1593 1125 1749 1178 περιῖις]

241 1211 335 1260 Quo
365 1224 388 1249 e
417 1223 585 1249 numero
615 1211 759 1261 pungit
785 1222 851 1249 me
880 1210 1016 1260 Suppl.
1048 1223 1085 1249 v.
1108 1211 1201 1257 517,
1231 1222 1281 1248 ac
1308 1207 1385 1260 μέν
1414 1218 1466 1250 σε
1494 1211 1535 1248 in
1564 1209 1640 1261 μέν
1668 1219 1751 1251 σου

237 1278 352 1317 facile
383 1278 547 1329 quidem
586 1277 802 1315 mutaveris
845 1277 922 1315 sed
963 1276 1132 1315 forsitan
1170 1277 1293 1315 etiam
1328 1277 1477 1317 leviter.
1536 1277 1665 1328 Pergo
1703 1290 1750 1316 ea

240 1346 426 1396 exempla
455 1344 684 1383 describere
719 1355 825 1394 quae
861 1350 955 1382 sunt
990 1349 1086 1394 post
1112 1344 1448 1394 semiquinariam,
1487 1345 1544 1383 ita
1576 1346 1750 1395 plerum·

238 1424 317 1462 que
348 1405 593 1462 comparata,
625 1417 671 1448 ut
690 1417 760 1448 aut
787 1411 828 1448 in
848 1410 1087 1448 vocabulum
1104 1416 1295 1460 quattuor
1314 1411 1551 1461 syllabarum
1579 1418 1747 1449 metrum

236 1486 369 1523 exeat,
413 1479 542 1529 qualis
578 1489 714 1516 versus
755 1485 818 1516 est
846 1477 1034 1528 Aeschyli
1069 1479 1143 1528 Ag.
1175 1479 1269 1521 022,
1308 1485 1390 1525 aut,
1426 1480 1457 1517 si
1493 1480 1635 1525 minus,
1675 1492 1747 1529 pes

234 1545 503 1595 paenultimus
542 1540 789 1595 spondiacus
827 1544 1024 1583 efficiatur
1063 1544 1138 1583 sic:
1182 1541 1308 1584 ἄναξ·
1344 1541 1520 1595 ὑπάρχει
1551 1544 1627 1595 μὲν
1656 1543 1746 1586 τόδ’

235 1610 281 1653 ἐν
309 1613 361 1665 τῇ
391 1613 447 1665 σῇ
469 1610 599 1661 χθονί.
660 1611 833 1663 Deinde,
863 1612 905 1649 id
935 1613 1046 1662 quod
1075 1613 1114 1649 iu
1144 1613 1232 1662 ipsa
1251 1612 1391 1650 harum
1412 1614 1644 1652 vocularum
1673 1626 1744 1651 na-

235 1685 326 1717 tura
354 1680 531 1729 positum
566 1684 640 1724 est,
669 1691 749 1716 una
779 1690 869 1716 cum
900 1691 1069 1717 caesura
1099 1679 1324 1717 sententiae
1344 1679 1577 1717 incisionem
1612 1680 1746 1718 facere

235 1752 390 1785 amant:
419 1746 512 1784 Eur.
533 1745 625 1783 Hel.
659 1745 762 1785 1519
793 1741 828 1784 ὦ
856 1742 974 1785 δεινὰ
1004 1743 1152 1794 λέξας·
1183 1743 1245 1794 τίς
1266 1743 1314 1785 δέ
1340 1757 1405 1786 νιν
1434 1744 1666 1795 ναυκληρία
1694 1769 1746 1776 -

235 1811 341 1851 conf.
364 1811 550 1862 Aeschyl.
567 1812 643 1862 Ag.
662 1813 756 1863 922,
787 1811 910 1862 Soph.
928 1811 988 1849 El.
1011 1812 1131 1851 1351.
1180 1811 1274 1851 Eur.
1291 1811 1455 1863 Hippol.
1473 1814 1553 1852 790
1574 1813 1635 1853 El.
1657 1814 1750 1852 377.

234 1880 326 1919 506.
373 1879 510 1930 Suppl.
533 1881 596 1919 95.
619 1881 711 1920 552.
754 1880 840 1919 Ion.
864 1881 984 1919 1173.
1001 1881 1095 1919 386.
1113 1879 1155 1918 fr.
1172 1881 1263 1920 378.
1307 1880 1427 1919 Nulla
1455 1880 1597 1919 incisio
1626 1881 1747 1930 Soph.

236 1943 287 1983 O.
309 1944 353 1985 C.
378 1946 469 1985 560.
499 1945 645 1986 Trach.
669 1947 787 1986 1078.
823 1945 916 1985 Eur.
932 1945 1093 1985 Heracl.
1115 1947 1204 1986 181.
1236 1946 1295 1984 El.
1315 1948 1410 1986 493.
1455 1946 1606 1986 Phoen.
1626 1948 1748 1988 1627.

237 2012 320 2049 Sed
349 2013 454 2050 enim
483 2013 586 2051 haec
617 2025 780 2063 quoque
807 2014 1086 2052 inveniuntur:

290 2084 384 2122 Eur.
407 2084 570 2134 Hippol.
594 2086 675 2125 7⁴90
702 2084 914 2135 γυναῖκες,
941 2082 1034 2125 ἴστε
1064 2083 1129 2135 τίς
1157 2083 1252 2125 ποτ’
1282 2083 1340 2125 ἐν
1369 2082 1552 2136 δόμοις
1582 2084 1683 2136 βοῆς

499 2151 558 2189 El.
587 2153 669 2191 493
698 2147 733 2190 ὦ
749 2148 952 2200 θύγατερ·
974 2148 1067 2201 ἄρτι
1096 2148 1177 2201 γάρ
1199 2159 1250 2191 σε
1279 2150 1415 2202 πρὸς
1436 2149 1624 2202 δόμοις
1646 2150 1748 2203 ὁρῶ.

499 2217 558 2257 El.
588 2219 668 2258 506
698 2215 767 2258 καὶ
780 2215 945 2267 πατέρα
956 2215 1031 2258 τὸν
1042 2215 1159 2268 ἐμὸν,
1172 2211 1224 2259 ὅν
1237 2215 1401 2258 ποτ’ἐν
1420 2219 1609 2268 χεροῖν
1623 2216 1746 2269 ἔχων.

290 2298 443 2339 Contra
472 2312 555 2338 non
584 2292 754 2339 numero
784 2301 907 2351 Soph.
938 2302 999 2341 El.
1035 2303 1140 2341 1165
1198 2299 1347 2352 τοίγαρ
1384 2301 1441 2342 σὺ
1476 2301 1592 2344 δέξαι
1628 2301 1668 2354 μ’
1701 2302 1748 2354 ἐς

1196 2367 1246 2409 τὸ
1273 2368 1356 2410 σὸν
1375 2367 1475 2410 τόδε
1494 2368 1664 2420 στέγος.

726 2435 818 2474 Eur.
849 2435 1001 2476 Phoen.
1035 2438 1140 2476 1627
1198 2436 1361 2488 νεκρῶν
1405 2435 1453 2477 δὲ
1492 2437 1626 2479 τῶνδε
1671 2436 1748 2478 τὸν

945 2506 947 2508 ’
1198 2502 1274 2552 μὲν
1290 2502 1338 2553 ἐς
1354 2501 1515 2554 δόμους
1534 2502 1689 2553 χρεών,

233 2589 409 2630 namque
438 2587 483 2619 ut
510 2581 677 2620 tandem
705 2580 850 2632 dicam,
879 2580 1178 2620 inconsiderate
1206 2594 1328 2632 agere
1355 2582 1538 2621 existimo
1565 2593 1650 2626 eos,
1678 2583 1747 2632 qui

233 2652 451 2696 praecepto
482 2648 661 2697 quodam
691 2647 958 2685 Dindorfiano
994 2648 1158 2698 decepti
1195 2646 1254 2698 ἐς,
1294 2648 1533 2698 ubicumque
1563 2660 1635 2697 per
1663 2660 1746 2686 me-

232 2715 334 2749 trum
363 2712 469 2765 licet,
498 2714 540 2752 in
577 2715 790 2764 tragoedia
825 2714 1038 2752 restituant
1071 2727 1119 2753 ac
1155 2716 1426 2764 pronuntient.
1484 2714 1745 2764 Compertum

364 2840 379 2866 ¹
402 2851 545 2889 propter
569 2848 624 2892 ές;
648 2849 730 2882 vide
754 2858 844 2892 quae
868 2848 958 2882 infra
980 2848 1017 2880 in
1042 2858 1117 2880 eam
1143 2848 1344 2881 sententiam
1369 2847 1569 2891 disputabo.
