2047 3253
995 186 1043 226 27

262 306 445 357 singulas
473 319 599 346 voces
628 307 753 345 artius
784 318 876 345 esse
905 307 1130 356 copulatas,
1160 313 1281 358 atque
1311 308 1367 345 ita
1397 313 1441 351 ut
1461 308 1587 348 dictio
1615 307 1680 348 vel
1709 318 1777 344 ea·

261 374 369 412 dem*
387 373 448 411 vel
477 373 686 424 persimilis
721 373 822 412 locis
853 373 1122 424 compluribus
1151 374 1312 422 redeat3
1350 374 1477 420 multo
1510 375 1635 412 rarius
1665 379 1776 412 totae

261 440 559 480 enuntiationes
594 453 729 491 neque
768 453 843 485 eae
881 441 1081 490 longiores
1120 441 1270 490 duplici
1307 439 1376 481 καί
1405 442 1509 479 inter
1537 453 1584 493 se
1614 442 1777 480 iunctae

261 513 488 553 occurrunt,
523 505 758 557 praesertim
787 519 880 545 cum
910 513 1100 557 quattuor
1136 508 1204 545 illa
1240 509 1425 557 exempla
1454 509 1676 559 exceperis,
1705 508 1777 546 ubi

261 570 476 615 κᾶν-κᾶν
518 574 559 613 in
603 575 812 614 enuntiato
853 576 1094 613 secundario
1130 582 1351 623 usurpatur.
1410 575 1549 620 Porro,
1590 576 1633 613 id
1663 576 1777 625 quod

262 652 353 678 cum
379 647 466 678 arte
495 640 719 679 iamborum
738 640 956 691 Euripidea
986 641 1137 691 optime
1166 642 1367 686 convenit,
1397 648 1534 693 poeta,
1564 642 1662 689 dum
1692 641 1776 679 sin·

261 708 358 756 gula
391 709 514 746 verba
541 709 603 746 vel
632 709 853 751 enuntiata
871 709 955 745 duo
984 709 1120 746 brevia
1137 708 1228 752 ,hoc
1257 709 1383 745 modo
1412 709 1702 759 complectitur,
1732 708 1775 745 id

261 773 418 812 videtur
445 774 588 825 egisse,
619 779 664 813 ut
690 785 772 813 uno
801 774 977 823 trimetro
1006 774 1227 825 geminatio
1257 774 1543 825 contineretur,
1574 775 1687 814 cuius
1717 775 1775 814 le·

260 842 334 892 gis,
364 842 440 880 nisi
467 843 593 889 fallor,
625 843 684 880 bis
714 849 870 883 tantum
905 844 1082 890 tragicus
1123 844 1332 879 immemor
1370 843 1443 879 fuit
1471 843 1511 879 in
1541 842 1682 879 fabulis
1713 854 1775 879 re-

261 908 516 955 centissimis;
562 914 704 945 neutra
741 920 837 946 vero
874 909 1061 958 exceptio
1098 908 1267 946 defendi
1308 909 1460 960 nequit,
1506 907 1697 959 quoniam
1733 908 1774 946 in

262 975 437 1013 versibus
468 989 490 1012 e
520 975 673 1014 Phoen.
704 976 839 1014 fabula
868 977 1014 1014 adlatis
1042 974 1159 1025 (495)
1188 977 1357 1013 alterum
1387 973 1456 1015 καί
1485 983 1675 1013 cum“suo
1705 988 1774 1013 vo-

263 1041 407 1079 cabulo
438 1041 658 1079 clausulam
678 1042 823 1080 senarii
852 1048 1038 1094 occupat,
1068 1042 1233 1080 alterum
1253 1042 1293 1079 in
1323 1038 1456 1093 capite
1485 1042 1582 1088 eius,
1613 1041 1682 1093 qui
1711 1053 1775 1081 se-

262 1110 405 1160 quitur,
440 1110 616 1159 positum
645 1116 720 1154 est,
759 1116 803 1147 ut
838 1121 921 1147 uno
957 1117 1098 1147 tenore
1137 1111 1266 1147 oratio
1309 1110 1519 1159 procedat,
1560 1110 1600 1147 in
1628 1109 1775 1147 Oreste

262 1182 398 1214 autem
429 1174 543 1224 (307)
580 1177 730 1214 locutio
769 1177 874 1214 redit
907 1177 1113 1214 tritissima
1154 1174 1221 1216 καὶ
1249 1173 1518 1217 θανεῖν-καὶ
1546 1176 1633 1225 ζῆν,
1664 1176 1773 1213 unde

264 1242 498 1290 κατθανεῖν,
530 1245 642 1292 quod
675 1244 716 1280 in
750 1245 860 1281 bono
904 1244 1044 1281 codice
1082 1244 1293 1289 invenitur,
1325 1244 1611 1281 commendare
1638 1243 1770 1280 nolim.

262 1309 412 1347 Verum
433 1316 548 1348 erunt
569 1309 740 1348 fortasse
756 1310 823 1359 qui
844 1310 1018 1348 Medeae
1046 1322 1183 1348 versus
1216 1311 1319 1349 1358
1353 1322 1411 1360 sq.
1442 1302 1688 1359 oppressisse
1706 1321 1772 1347 me

262 1376 509 1415 insimulent:
1081 1406 1083 1408 .

501 1439 611 1491 πρὸς
641 1442 775 1483 ταῦτα
804 1441 873 1484 καὶ
898 1440 1084 1490 λέαιναν,
1116 1439 1151 1482 εἰ
1182 1440 1336 1492 βούλει,
1366 1439 1495 1498 κάλει,

499 1507 568 1548 καὶ
597 1507 803 1555 Σκύλλαν,
835 1507 860 1558 ἣ
891 1506 1117 1558 Τυρσηνὸν
1148 1507 1316 1560 ᾤκησεν
1346 1507 1490 1549 πέδον.

258 1577 331 1615 Est
359 1577 434 1623 ita;
481 1577 667 1615 consulto
704 1588 840 1616 versus
887 1577 976 1617 illos
1014 1578 1142 1623 omisi,
1180 1578 1274 1627 quia
1312 1578 1419 1627 prius
1454 1575 1522 1618 καί
1554 1590 1644 1616 cum
1681 1578 1773 1616 forti

260 1645 567 1695 exaggeratione
596 1645 848 1696 enuntiatum
877 1656 969 1682 esse
1000 1645 1232 1690 arbitrabar,
1276 1657 1396 1694 quam
1436 1645 1668 1695 opinionem
1702 1658 1773 1684 ne·

259 1723 339 1761 que
369 1711 504 1760 probis
535 1711 779 1760 argumentis
809 1712 968 1749 destitui
1006 1712 1196 1750 videbam
1233 1723 1366 1761 neque
1395 1709 1473 1750 alia
1502 1712 1715 1756 editorum,
1745 1713 1777 1750 si

258 1779 364 1816 bene
393 1778 579 1824 aestimo,
608 1780 901 1830 plerorumque·
922 1779 1126 1822 sententia
1149 1778 1173 1818 ¹.
1232 1779 1315 1817 Sed
1336 1786 1379 1817 ut
1399 1779 1441 1817 in
1460 1780 1565 1817 viam
1585 1786 1773 1827 revertar,

259 1846 416 1884 tertium
446 1846 497 1882 ab
525 1845 731 1893 Euripide,
770 1845 838 1881 ubi
878 1842 946 1882 καί
977 1844 1205 1894 duplicavit,
1243 1845 1286 1881 id
1315 1850 1477 1881 cautum
1506 1855 1598 1881 esse
1628 1845 1775 1889 elucet,

257 1926 310 1951 ne
338 1911 533 1963 particula
562 1897 733 1961 utraque
761 1911 812 1949 ab
840 1923 892 1949 eo
926 1912 1136 1957 vocabulo,
1167 1923 1247 1961 quo
1278 1912 1463 1961 pertinet,
1493 1924 1683 1961 umquam
1714 1913 1777 1950 di·

258 1980 488 2026 velleretur;
535 1979 603 2028 qui
639 1985 764 2027 poeta
804 1979 848 2016 id
888 1990 1050 2027 quoque
1088 1979 1184 2027 egit,
1227 1985 1284 2022 ut,
1325 1979 1358 2015 si
1390 1978 1472 2016 fieri
1501 1985 1655 2026 posset,
1689 1978 1774 2016 sine

256 2047 336 2085 ullo
365 2046 577 2085 intervallo
606 2045 729 2084 verba
757 2045 906 2095 duplici
941 2042 1010 2084 καί
1043 2045 1255 2083 coniuncta
1275 2057 1367 2083 sese
1387 2045 1633 2095 exciperent.
1692 2045 1776 2082 De-

256 2115 377 2164 nique
406 2125 604 2164 nusquam
635 2124 855 2162 synonyma
887 2110 1080 2152 καί-καί
1109 2113 1299 2156 conectit,
1332 2113 1406 2150 sed
1435 2112 1613 2151 diversa:
1644 2112 1775 2150 vivere

257 2187 300 2219 et
327 2182 442 2227 mori,
472 2187 663 2231 parentes
693 2186 733 2219 et
763 2181 922 2228 liberos,
967 2181 1170 2230 sapientes
1207 2186 1248 2218 et
1284 2181 1488 2225 indoctos,
1524 2179 1702 2229 singulos
1733 2186 1775 2217 et

259 2248 478 2293 universos,
508 2247 599 2286 alia.

384 2314 469 2353 Iam
499 2315 626 2353 adeas
653 2315 772 2356 velim
803 2314 950 2353 Electr.
979 2315 1062 2354 610
1092 2326 1150 2364 sq.

452 2375 456 2379 ’
516 2377 564 2420 ἐν
592 2378 697 2431 χειρὶ
725 2381 776 2433 τῇ
806 2381 864 2432 σῇ
894 2377 1017 2421 πάντ’
1047 2377 1159 2430 ἔχεις
1191 2379 1258 2420 καὶ
1286 2382 1337 2433 τῇ
1367 2378 1470 2434 τύχῃ

513 2449 713 2501 πατρῷον
741 2444 863 2488 οἷκον
894 2445 963 2488 καὶ
992 2445 1116 2488 πόλιν
1148 2447 1293 2498 λαβεῖν
1324 2446 1464 2496 σέθεν,

254 2512 357 2566 quos
392 2526 515 2553 nemo
549 2515 695 2560 adhuc,
732 2515 843 2565 quod
881 2515 1020 2560 sciam,
1061 2515 1298 2554 sollicitavit.
1356 2515 1437 2554 Sed
1475 2512 1543 2554 καὶ
1581 2515 1630 2565 τῇ
1666 2510 1771 2565 τύχῃ

253 2588 459 2632 tamquam
490 2594 540 2620 ea
568 2581 705 2630 figura,
738 2593 861 2632 quam
888 2579 936 2621 ἓν
978 2579 1046 2621 διὰ
1086 2581 1208 2621 δυοῖν
1238 2589 1398 2626 vocant,
1428 2582 1481 2619 ad
1511 2579 1558 2620 ἑν
1589 2578 1694 2629 χειρὶ
1720 2581 1771 2631 τῇ

251 2649 309 2701 σῇ
339 2649 461 2687 verba
489 2647 648 2687 trahere
678 2653 817 2698 aperte
847 2653 1042 2699 vetamur,
1071 2653 1288 2699 postquam
1309 2648 1371 2686 dis
1400 2647 1582 2698 propitiis
1617 2646 1770 2686 Phoen.

255 2728 391 2754 versus
424 2716 530 2764 1430
559 2713 641 2755 σὺν
669 2713 869 2768 παρθένῳ
897 2726 944 2755 τε
980 2714 1049 2755 καὶ
1081 2713 1294 2768 προθυμίᾳ
1332 2713 1468 2764 ποδός
1498 2727 1547 2753 ex
1575 2715 1769 2764 Euripide

256 2784 442 2833 expulsus
472 2789 549 2829 est,
577 2794 711 2833 neque
742 2782 906 2821 omnino
927 2782 1129 2822 Graecum
1157 2782 1359 2821 hominem
1388 2782 1535 2820 dixisse
1562 2781 1766 2821 existimo:

386 2925 399 2950 ²
423 2919 555 2959 Eadem
581 2937 637 2959 res
662 2931 717 2959 est
740 2928 815 2961 Ion.
843 2925 914 2960 850
930 2936 980 2968 sq.
