2047 3253
1015 142 1061 184 19

280 266 447 310 κτανεῖν
477 267 498 307 ἰ’
533 282 567 308 e.
601 263 675 308 σοὶ
702 263 1034 316 ἑσαφιγμένους.
1085 264 1243 303 Eadem
1275 264 1364 312 lege
1393 258 1465 303 σοί
1486 260 1603 302 ἐστιν
1627 261 1666 299 in
1696 256 1799 302 σού-

279 335 374 378 στίν
403 344 444 376 et
473 334 542 387 μοί
568 334 685 376 ἑστιν
713 334 755 372 in
785 330 970 382 μούστίν
992 337 1153 371 coeunt.
1221 331 1423 370 Ceterum
1458 327 1797 381 εἰσαφικνεῖσθαι

280 405 520 444 vocabulum
554 403 606 440 ab
636 400 830 450 Euripide
859 400 1051 437 Androm.
1081 412 1117 438 v.
1150 400 1198 437 13
1236 405 1278 436 et
1307 398 1459 436 Troad.
1495 410 1528 437 ν.
1565 399 1646 437 490
1685 409 1799 435 usur-

279 478 420 522 patum
451 475 527 509 est.
1285 513 1289 517 ,

411 536 572 575 Subicio
594 530 788 583 Cyclopis*
813 543 949 569 versus
972 533 1050 570 336
1071 543 1145 581 sq„
1177 537 1220 568 ut
1249 531 1289 568 in
1319 532 1424 569 libris
1454 530 1590 579 scripti
1622 537 1798 574 exstant:

476 598 537 650 ὡς
566 599 643 640 τοῦ
672 598 783 639 πιεῖν
809 609 858 645 γε
888 595 956 637 καὶ
985 597 1143 647 φαγεῖν
1171 593 1297 646 τούφ’
1328 595 1490 646 ἡμέραν

477 666 589 716 Ζεὺς
619 662 748 715 οὗτος
779 662 1042 714 ἀνθρώποισι
1070 663 1182 704 τοῖσι
1212 661 1452 713 σώφροσιν.

282 738 375 785 Quo
405 738 495 775 loco
514 733 699 772 Reiskius
725 738 835 770 certa
856 732 1145 786 emendatione
1165 728 1380 780 τούμπιεῑν
1401 733 1622 778 revocavit;
1657 744 1798 769 vereor

280 809 415 842 autem
445 814 497 840 ne
526 801 691 838 dicendi
730 799 994 850 aequabilitas
1031 800 1211 849 postulet
1250 805 1294 837 ut
1332 800 1428 837 item
1465 797 1534 840 καὶ
1572 799 1729 850 φαγεῖν
1759 800 1799 837 in

278 868 517 920 κάμφαγεῑν
544 874 757 906 mutemus.
816 867 898 905 Sed
935 879 987 904 ne
1025 878 1186 905 craseos
1220 867 1316 904 vitia
1342 867 1382 904 in
1411 868 1498 905 sola
1529 866 1708 916 Cyclope
1738 867 1797 903 in-

281 936 502 984 vestigasse
532 935 681 978 videar,
711 939 871 983 praesto
901 938 965 971 est
994 945 1129 972 versus
1154 933 1349 972 Hecubae
1383 935 1487 972 1215

542 997 634 1040 ἀλλ’
661 996 768 1049 ἡνίχ’
797 998 916 1049 ἡμεῖς
945 996 1082 1040 οὐκέτ’
1115 997 1245 1048 ἐσμὲν
1274 998 1321 1040 ἐν
1350 997 1453 1050 φάει

540 1068 687 1119 καπνῷ
716 1064 754 1105 δ’
784 1062 959 1114 ἑσήμην’
990 1062 1098 1105 ἄστυ
1127 1063 1342 1113 πολεμίων
1370 1063 1454 1105 ὕπο
1481 1063 1533 1092 ’-

279 1134 424 1173 Latere
454 1133 704 1183 suspicabar:
733 1129 941 1172 κάπώλεθ’
959 1129 975 1156 ¹
1002 1130 1100 1182 ἡμῖν
1121 1128 1230 1172 ἄστυ
1252 1130 1468 1181 πολεμίων
1496 1129 1594 1172 ὕπο.
1656 1133 1800 1171 Restat

281 1207 336 1251 ut,
367 1202 575 1250 quomodo
605 1212 756 1246 versus,
785 1213 810 1238 a
839 1212 919 1250 quo
949 1212 1114 1237 exorsus
1145 1212 1244 1244 sum,
1288 1200 1550 1249 corrigendus
1580 1211 1675 1237 esse
1704 1201 1802 1237 mihi

281 1268 475 1318 videatur,
505 1268 546 1305 in
574 1268 653 1306 fine
679 1267 796 1305 huius
829 1266 1115 1317 disputationis
1146 1267 1341 1305 indicem:

543 1331 623 1383 κάκ
651 1333 728 1373 τοῦ
757 1331 985 1373 Μενέλεων
1013 1330 1131 1380 οὔτις
1160 1329 1237 1372 εἶδ’
1272 1330 1534 1381 ἀφιγμένον;

282 1402 366 1439 Fac
394 1407 542 1450 poetae
572 1398 619 1440 ἐκ
650 1400 726 1439 τοῦ
757 1405 800 1437 et
828 1397 874 1439 ἐκ
894 1398 1021 1439 τοῦδε
1043 1400 1192 1449 pariter
1221 1404 1438 1449 acceptum
1461 1399 1605 1440 fuisse:
1633 1414 1684 1439 ne
1715 1408 1797 1439 tum

283 1468 445 1517 quidem
469 1467 703 1517 elegantiae
733 1468 863 1516 gratia
893 1479 974 1505 non
1004 1467 1167 1505 dederit
1196 1467 1307 1516 quod
1336 1478 1413 1516 ego
1444 1469 1646 1517 proposui.

414 1601 631 1650 Postquam
650 1601 858 1639 Menelaus
888 1600 1038 1638 nullum
1068 1600 1202 1638 adhuc
1230 1601 1423 1638 indicium
1452 1601 1528 1638 sibi
1554 1603 1791 1651 apparuisse

282 1668 514 1719 declaravit,
559 1679 641 1717 quo
685 1679 778 1704 usus
823 1672 934 1704 certo
970 1673 1092 1717 atque
1127 1667 1291 1705 indubie
1332 1679 1496 1704 uxorem
1535 1675 1792 1717 agnosceret,

281 1735 348 1773 illa
376 1740 419 1772 ut
448 1740 636 1773 accurate
665 1745 709 1771 se
737 1733 919 1784 aspiciat,
950 1733 1132 1771 hortatur
1163 1733 1255 1774 Hel.
1286 1747 1320 1774 v,
1352 1735 1457 1774 578:

480 1800 661 1851 σκέψαι·
694 1798 732 1840 τί
760 1808 841 1841 σου
870 1800 934 1840 δεῖ
961 1798 1037 1850 τίς
1055 1798 1148 1840 ἔστι
1177 1808 1260 1840 σου
1291 1799 1558 1852 σοφώτερος.

283 1870 490 1920 Adscripsi
517 1881 688 1919 versum,
719 1874 763 1906 ut
794 1869 835 1905 in
862 1869 1004 1906 codiee
1032 1868 1306 1906 Laurentiano
1337 1875 1523 1907 exaratus
1550 1876 1624 1913 est,
1655 1878 1794 1920 aperte

283 1922 515 1986 corruptum
548 1942 590 1973 et
617 1948 738 1985 quem
757 1935 869 1973 multi
897 1936 1029 1973 multis
1050 1936 1182 1973 modis
1205 1937 1423 1974 emendare
1443 1936 1579 1974 conati
1609 1937 1688 1974 sint
1719 1950 1796 1975 nec

283 2009 420 2041 tamen
449 2004 690 2041 emendasse
717 2003 940 2042 videantur.
1000 2002 1157 2052 Nempe
1178 2003 1210 2040 is
1228 2014 1365 2041 versus
1392 2004 1547 2041 ratione
1578 2004 1798 2041 admodum

283 2070 450 2120 simplici
478 2070 520 2107 in
549 2070 731 2108 ordinefn
755 2070 884 2118 redigi
903 2075 1051 2119 potest,
1082 2069 1194 2107 nulla
1214 2070 1343 2108 littera
1366 2075 1534 2119 mutata,
1566 2082 1658 2118 una,
1689 2083 1795 2120 quae

242 2187 244 2190 Ι
281 2148 410 2185 prono
440 2149 573 2175 errore
601 2137 772 2186 irrepsit,
803 2137 958 2174 eiecta:

336 2201 513 2252 σκέψαι·
544 2200 620 2252 τίς,
650 2199 702 2242 οὗ
732 2201 772 2252 (ἰ.
802 2215 836 2241 e.
866 2199 950 2253 ubi)
980 2203 1054 2252 δεῖ,
1084 2201 1146 2252 τίς
1178 2201 1237 2243 ἔτι
1266 2204 1349 2243 σοῦ
1378 2201 1634 2253 σοφώτερος
1652 2202 1688 2249 2;

414 2290 427 2315 ¹
451 2297 489 2326 ut
513 2293 571 2325 hic
596 2292 624 2327 Λ
651 2297 685 2325 et
710 2282 756 2335 Ε,
792 2292 841 2325 ita
865 2292 893 2327 Λ
919 2298 954 2326 et
979 2293 1006 2328 Α
1033 2294 1194 2327 confusas
1224 2305 1322 2327 sumo
1348 2295 1455 2339 Soph.
1482 2296 1524 2330 Ο.
1551 2296 1589 2331 C.
1621 2296 1723 2338 1028,
1764 2298 1793 2330 si

283 2351 421 2394 quidem
445 2353 682 2387 scribendum:
710 2352 801 2387 κούκ
818 2352 933 2388 ἀλαὸν
956 2353 1083 2396 (ἄλλον
1098 2354 1150 2395 11.)
1168 2354 1257 2395 ἕξεις
1274 2354 1324 2396 εἰς
1342 2354 1434 2390 τάδ’.
1483 2357 1597 2388 Caeco
1619 2357 1796 2399 Oedipodi

281 2409 370 2441 bene
393 2410 566 2443 oculatum
589 2411 747 2444 Theseus
772 2421 849 2444 sese
875 2413 1035 2456 opponit,
1062 2416 1095 2445 et
1119 2413 1198 2445 vide
1224 2424 1312 2455 quae
1338 2419 1546 2457 sequantur:

808 2467 860 2512 ὡς
883 2470 1005 2506 ἔξοιδά
1029 2480 1072 2507 σε

545 2529 590 2562 οὐ
615 2528 724 2571 ψιλὸν
750 2528 829 2563 οὐδ’
857 2529 1017 2563 ἄσκευον
1043 2529 1094 2571 εἰς
1119 2530 1270 2572 τοσήνδ’
1301 2531 1405 2574 ὕβριν

546 2586 689 2629 ἥκοντα
713 2586 851 2630 τόλμης
873 2588 942 2629 τῆς
966 2588 1213 2631 παρεστώσης
1238 2588 1285 2623 τὰ
1309 2592 1390 2632 νῦν,

545 2643 622 2679 ἀλλ’
648 2645 725 2679 ἔσθ’
749 2644 827 2690 ὅτῳ
853 2645 900 2679 σὺ
925 2645 1056 2688 πιστὸς
1082 2646 1138 2681 ὢν
1165 2647 1273 2690 ἔδρας
1297 2647 1407 2682 τάδε·

545 2702 570 2740 ἃ
593 2704 662 2738 δεῖ
688 2704 729 2746 μ’
756 2703 1022 2748 ἀθρῆσαι-
1050 2723 1095 2729 —

414 2755 430 2780 2
453 2759 562 2793 Plane
587 2763 710 2794 eadem
735 2764 869 2795 ratione
893 2762 1027 2797 Phoen.
1053 2774 1103 2797 vs.
1132 2763 1200 2797 825
1228 2764 1451 2798 restituerim:
1490 2764 1656 2807 διδύμων
1681 2766 1795 2800 ποτά-

284 2823 364 2854 μων
388 2815 506 2859 πόρον
531 2818 625 2863 ἀμφὶ
649 2820 775 2866 μέσον,
804 2821 810 2863 Ι
843 2820 963 2865 Δίρκα
987 2819 1143 2865 (Δίρκας
1166 2821 1215 2862 11.)
1239 2822 1518 2866 χλοεροτρόφον
1545 2823 1568 2867 ᾷ
1593 2822 1652 2868 (=
1671 2824 1694 2868 ᾖ
1721 2825 1794 2863 ubi,

283 2870 308 2907 ἃ
329 2871 374 2919 Α)
397 2874 527 2911 πεδίον
560 2878 566 2920 Ι
598 2880 748 2924 πρόπαρ
772 2877 940 2925 Ἰσμηνοῦ
965 2880 1172 2916 καταδεύει.
